2620 4220
436 368 541 419 menn
559 369 669 420 XXVII.
689 383 842 418 namuri.
869 357 872 364 ’
1086 372 1170 434 228'

181 529 237 590 que
263 511 438 586 aliquamdiu
464 514 569 578 hostes,
596 511 691 568 citatis
710 511 791 584 equis
811 527 914 586 agmen
935 529 1050 570 suorum
1071 533 1147 574 asso·

181 601 315 666 quuntur.
354 589 477 656 Consul,
491 588 539 646 ubi
554 588 697 646 silentium
712 589 742 644 in
756 587 867 660 castris,
880 598 910 645 et
922 607 1074 663 nepaucoa
1085 593 1146 670 qui·

181 669 259 734 dem,
283 667 330 742 qui
349 667 438 742 primi
465 667 530 724 luce
554 666 812 736 obambulaverant,
836 676 915 740 parte
929 666 987 724 ulta
1001 669 1145 740 cernebat,

182 746 294 802 duobus
308 745 450 819 equitibus
463 743 641 819 speculatum
658 744 687 800 in
709 755 802 800 castra
816 743 977 818 premissis,
997 756 1145 820 postquam

159 824 251 880 usatis
274 833 335 880 tuta
354 822 452 878 omnia
465 840 527 878 esse
548 821 724 895 exploratum
748 832 802 890 est,
824 820 921 878 inferri
945 821 1028 896 signa
1039 823 1145 898 jussit:

148 928 150 932 ·
182 900 348 974 tantrimque
363 901 401 956 ibi
417 911 550 965 moratus,
566 900 633 956 dum
647 899 751 954 milites
773 899 809 954 ad
833 899 958 972 predam
971 900 1145 974 discurrunt,

182 978 310 1053 receptui
332 977 437 1034 deinde
458 977 574 1047 cecinit,
598 974 742 1050 multdque
763 986 830 1032 ante
850 987 964 1032 noctem
985 978 1083 1052 copias
1103 998 1147 1036 re·
1191 1029 1193 1033 ,

181 1056 274 1112 duxit.
317 1055 433 1128 Postero
447 1055 494 1111 die
509 1053 601 1129 primi
614 1054 679 1110 luce
694 1053 846 1128 profectus,
861 1055 973 1129 maguis
996 1055 1146 1114 itineribus

183 1134 287 1190 lamam
308 1143 337 1188 et
358 1133 476 1208 vestigia
496 1132 619 1208 agminis
645 1150 777 1206 sequens,
799 1129 875 1188 baud
895 1133 994 1206 procul
1016 1133 1146 1190 Venusia

83 1253 89 1268 ,
148 1213 293 1268 rulrostem
314 1210 480 1284 assequitur.
536 1209 581 1266 Ibi
601 1215 713 1283 quoque
733 1209 917 1266 tumultuaria
945 1229 1040 1286 pugna
1071 1211 1145 1269 suit:

182 1303 268 1364 supra
281 1289 338 1345 duo
352 1287 440 1344 millia
454 1288 605 1346 Poenorum
620 1307 703 1344 caesa.
745 1286 818 1346 lude
832 1288 979 1345 nocturnis
992 1289 1147 1346 montanis·

183 1385 238 1440 qne
253 1367 401 1422 itineribus
416 1365 532 1433 Poeuus,
546 1383 583 1422 ue
604 1365 699 1421 locum
721 1365 869 1439 pugnandi
893 1365 981 1435 daret,
997 1365 1146 1442 Metapon-

182 1455 243 1501 tum
257 1445 345 1520 petiit
388 1443 495 1500 Hanno
509 1443 575 1500 inde
591 1442 629 1517 (is
642 1443 719 1498 euim
734 1443 865 1516 praesidio
887 1444 950 1519 ejus
969 1444 1024 1502 loci
1045 1444 1147 1519 prefu-

183 1524 256 1598 erat)
282 1523 310 1578 in
325 1522 451 1578 Bruttios
473 1539 540 1577 cum
560 1520 660 1595 paucis
684 1521 720 1576 ad
734 1521 892 1577 exercitum
909 1540 1012 1578 novum
1033 1541 1147 1598 eompa-

151 1601 304 1657 iurandum
320 1599 432 1658 missus.
475 1598 632 1665 Hannibal,
647 1598 737 1672 copiis
751 1599 812 1673 ejus
826 1599 862 1656 ad
876 1617 942 1655 suas
955 1599 1068 1671 additis,
1087 1599 1146 1664 Ve-

183 1678 295 1734 nusiam
309 1690 393 1744 tetre,
408 1677 511 1751 quibus
531 1688 646 1739 venerat
666 1676 825 1743 itineribus,
840 1677 950 1751 repetit,
975 1689 1059 1752 atque
1079 1677 1146 1734 inde

183 1755 343 1813 Canusium
359 1755 494 1829 procedit.
536 1753 692 1828 Nunquam
707 1754 786 1825 Nero
804 1755 930 1830 vestigiis
953 1755 1041 1812 hostis
1063 1755 1148 1812 absti-

183 1843 272 1890 terat:
293 1843 323 1890 et
335 1832 375 1893 Q·
391 1831 533 1902 Fulvium,
548 1851 635 1906 quum
660 1831 858 1906 Metapontum
880 1833 940 1907 ipse
954 1832 1147 1907 proficiscere·

180 1921 237 1982 tur,
253 1911 282 1967 in
296 1910 439 1983 Lucanos,
454 1929 491 1967 ne
505 1911 584 1985 regio
604 1927 639 1966 ea
653 1909 715 1966 sine
729 1909 860 1984 presidio
873 1920 957 1978 esset,
970 1911 1147 1968 arcessierat.

147 2087 175 2127 ω
222 2067 337 2125 xnrn.
359 2067 438 2124 mter
452 2035 514 2124 laee
528 2067 564 2124 ab
586 2046 775 2136 Hasdrubale,
799 2076 947 2141 postquam
961 2086 978 2124 a
992 2066 1147 2124 Piscense

183 2145 332 2203 obsidione
359 2145 505 2211 abscessit,
533 2155 652 2218 quatuor
687 2144 761 2200 Galli
782 2144 899 2218 equites,
925 2145 982 2202 duo
1002 2144 1147 2215 Numidae,

183 2241 251 2280 cum
265 2223 354 2280 literis
367 2223 410 2294 ad,
421 2223 614 2279 Hannibalem
640 2222 727 2288 missi,
749 2240 835 2296 quum
857 2241 907 2297 per
929 2221 1039 2280 medios
1053 2223 1148 2279 hostes

183 2312 271 2358 totam
286 2301 374 2358 ferme
388 2300 596 2376 longitudinem
610 2299 700 2356 Italiac
721 2299 830 2357 emensi
852 2311 957 2367 essent,
972 2301 1041 2358 dum
1056 2300 1149 2357 Meta-

184 2390 302 2454 pontum
317 2380 469 2435 cedentem
485 2377 678 2434 Hannibalem
693 2389 858 2452 sequuntur,
870 2379 987 2436 incertis
999 2378 1148 2436 itineribus

149 2457 345 2516 en'l'arentum
359 2456 455 2522 delati,
471 2475 488 2512 a
503 2456 582 2530 vagis
602 2474 652 2530 per
673 2474 755 2530 agros
775 2456 987 2530 pabulatoribus
1008 2456 1149 2514 Romanis

184 2535 220 2590 ad
233 2534 274 2595 Q.
290 2534 444 2591 Claudium
458 2545 657 2609 propraetorem
671 2533 860 2592 deducuntur.
902 2534 977 2591 Eum
998 2533 1090 2609 primd
1105 2533 1148 2591 iu·

184 2613 271 2668 certis
285 2612 464 2687 implicantes
478 2611 628 2686 responsis,
643 2622 675 2668 ut
688 2622 781 2669 metus
799 2622 1003 2669 tormentorum
1017 2611 1147 2668 admotus

185 2690 265 2746 fateri
287 2709 352 2746 vera
373 2690 478 2764 coegit,
493 2689 679 2760 edocuerunt,
693 2689 789 2746 literas
809 2708 840 2746 se
861 2689 896 2745 ab
918 2688 1097 2746 Hasdrubale
1112 2689 1149 2744 ad

185 2767 378 2824 Hannibalem
407 2767 487 2824 serre.
539 2767 615 2824 Cum
639 2767 791 2839 Heluetia,
812 2767 887 2823 sicut
906 2777 997 2837 erant,
1018 2765 1148 2840 signatis,

149 2845 219 2907 sol..
235 2845 366 2921 Virginis
380 2845 494 2902 tribuno
508 2845 627 2902 militum
643 2845 768 2901 ducendi
783 2845 818 2901 ad
833 2844 987 2902 Claudium
1001 2844 1150 2900 consulem

184 2925 353 2980 traduntur:
388 2924 453 2979 dune
482 2923 566 2980 simul
596 2934 695 2979 turmae
724 2922 895 2980 Samnitium
916 2921 1040 2997 presidii
1061 2921 1150 2978 must

184 3001 287 3058 missae.
327 3001 390 3062 Qui
404 3001 453 3057 ubi
475 3001 509 3058 ad
532 3001 677 3058 consulem
693 3012 891 3074 pervenerunt,
905 3001 1048 3074 literaeque
1068 2999 1149 3056 lectae

184 3097 235 3154 per
250 3079 433 3154 interpretem
449 3090 524 3146 sunt,
539 3091 575 3136 et
588 3098 625 3136 ex
639 3079 758 3153 captivis
771 3078 946 3154 percontatio
961 3078 1055 3147 sacta3
1089 3088 1150 3150 tum

185 3157 335 3228 Claudius,
350 3177 407 3214 non
423 3157 450 3214 id
466 3170 578 3232 tempus
591 3175 654 3214 esse
676 3156 939 3230 reipublicae‘rutus,
953 3175 1009 3232 quo
1023 3156 1150 3214 consiliis

149 3235 337 3296 reordinariis
350 3235 502 3311 provinciae
516 3253 576 3292 sure
594 3235 713 3309 quisque
737 3234 842 3291 finibus
855 3253 904 3310 per
926 3235 1068 3294 exercitus
1082 3244 1149 3292 suos

185 3333 252 3370 cum
273 3315 353 3371 lroste
377 3313 518 3370 destinato
538 3314 574 3368 ab
594 3323 695 3368 senatu
716 3312 822 3370 bellum
843 3324 962 3388 gereret,
984 3314 1150 3370 audendum

185 3391 291 3466 aliquid
307 3391 499 3467 improvisum,
513 3391 700 3465 inopinatum,
714 3391 789 3465 quod
802 3402 926 3467 creptum
939 3412 996 3450 non
1011 3391 1149 3448 minorem

172 3471 261 3544 apud
282 3470 360 3527 cives
387 3468 472 3544 qudm
494 3471 589 3526 hostes
609 3479 744 3526 terrorem
770 3469 886 3542 faceret,
906 3480 1097 3545 perpetratum
1119 3469 1149 3526 in

185 3567 319 3622 magnam
334 3548 459 3606 laetitiam
474 3567 511 3604 ex
525 3565 629 3622 magno
642 3558 719 3603 metu
743 3559 878 3618 verteret;
909 3547 999 3606 literis
1021 3549 1150 3606 Hasdru·

150 3625 258 3688 robalis
273 3627 396 3683 Romam
411 3627 446 3682 ad
461 3637 591 3682 senatum
606 3624 708 3696 missis,
730 3625 814 3684 simul
838 3638 867 3683 et
891 3627 950 3703 ipse
970 3625 1069 3685 Patres
1083 3643 1150 3681 cou-

186 3703 316 3778 scriptos,
340 3705 406 3778 quid
429 3715 549 3779 pararet,
571 3704 683 3770 edocet,
704 3715 744 3774 ut,
768 3723 854 3782 quum
876 3706 905 3762 in
921 3703 1040 3762 Umbria
1053 3723 1083 3760 se
1103 3722 1150 3760 oc·

185 3801 337 3840 cursurum
363 3782 526 3840 Hasdrubal
549 3781 626 3838 fratri
649 3783 764 3850 scribat,
789 3782 929 3857 legionem
945 3781 1151 3856 sCapuiRo·
