<?xml version="1.0" encoding="UTF-8"?>
<!DOCTYPE html PUBLIC "-//W3C//DTD XHTML 1.0 Transitional//EN"
    "http://www.w3.org/TR/xhtml1/DTD/xhtml1-transitional.dtd">
<html xmlns="http://www.w3.org/1999/xhtml" xml:lang="en" lang="en">
 <head>
  <title>
</title>
<meta http-equiv="Content-Type" content="text/html;charset=utf-8" />
  <meta name='ocr-system' content='tesseract 3.04.00' />
  <meta name='ocr-capabilities' content='ocr_page ocr_carea ocr_par ocr_line ocrx_word'/>
</head>
<body>
  <div class='ocr_page' id='page_1' title='image "./historiarumetse01livygoog_0029.png"; bbox 0 0 2632 4224; ppageno 0'>
   <div class='ocr_carea' id='block_1_1' title="bbox 177 370 734 428">
    <p class='ocr_par' dir='ltr' id='par_1_1' title="bbox 177 370 734 428">
     <span class='ocr_line' id='line_1_1' title="bbox 177 370 734 428; baseline 0 -8"><span class='ocrx_word' id='word_1_1' title='bbox 177 371 213 428; x_wconf 75' lang='lat'>12</span> <span class='ocrx_word' id='word_1_2' title='bbox 566 370 635 420; x_wconf 79' lang='lat' dir='ltr'>Tt&#39;rr</span> <span class='ocrx_word' id='word_1_3' title='bbox 651 371 734 420; x_wconf 87' lang='lat' dir='ltr'>LlVll</span> 
     </span>
    </p>
   </div>
   <div class='ocr_carea' id='block_1_2' title="bbox 176 467 1129 587">
    <p class='ocr_par' dir='ltr' id='par_1_2' title="bbox 176 467 1129 587">
     <span class='ocr_line' id='line_1_2' title="bbox 296 467 411 504; baseline 0.035 -12"><span class='ocrx_word' id='word_1_4' title='bbox 296 467 311 495; x_wconf 78' lang='lat' dir='ltr'>u</span> <span class='ocrx_word' id='word_1_5' title='bbox 322 467 331 496; x_wconf 68' lang='lat' dir='ltr'>a</span> <span class='ocrx_word' id='word_1_6' title='bbox 350 487 388 502; x_wconf 90' lang='grc'><strong><em>.</em></strong></span> <span class='ocrx_word' id='word_1_7' title='bbox 400 495 411 504; x_wconf 75' lang='grc'>,,</span> 
     </span>
     <span class='ocr_line' id='line_1_3' title="bbox 176 497 1129 587; baseline 0.008 -24"><span class='ocrx_word' id='word_1_8' title='bbox 176 508 338 564; x_wconf 84' lang='lat' dir='ltr'>“homines</span> <span class='ocrx_word' id='word_1_9' title='bbox 363 497 429 566; x_wconf 82' lang='lat' dir='ltr'>cum</span> <span class='ocrx_word' id='word_1_10' title='bbox 455 510 619 568; x_wconf 91' lang='lat' dir='ltr'>hominibus</span> <span class='ocrx_word' id='word_1_11' title='bbox 643 511 811 587; x_wconf 86' lang='lat' dir='ltr'>sanguinem</span> <span class='ocrx_word' id='word_1_12' title='bbox 825 520 854 567; x_wconf 88' lang='lat' dir='ltr'>et</span> <span class='ocrx_word' id='word_1_13' title='bbox 866 529 958 586; x_wconf 83' lang='lat' dir='ltr'>genus</span> <span class='ocrx_word' id='word_1_14' title='bbox 980 511 1129 572; x_wconf 88' lang='lat' dir='ltr'>miscere.”</span> 
     </span>
    </p>
   </div>
   <div class='ocr_carea' id='block_1_3' title="bbox 20 583 1207 3604">
    <p class='ocr_par' dir='ltr' id='par_1_3' title="bbox 136 583 1189 828">
     <span class='ocr_line' id='line_1_4' title="bbox 136 583 1130 664; baseline 0.008 -25"><span class='ocrx_word' id='word_1_15' title='bbox 136 603 149 618; x_wconf 71' lang='lat'>⁴·</span> <span class='ocrx_word' id='word_1_16' title='bbox 174 583 325 658; x_wconf 84' lang='lat' dir='ltr'><strong>Nusquam</strong></span> <span class='ocrx_word' id='word_1_17' title='bbox 339 585 464 662; x_wconf 75' lang='lat' dir='ltr'>benigne</span> <span class='ocrx_word' id='word_1_18' title='bbox 477 588 582 664; x_wconf 86' lang='lat' dir='ltr'>legatio</span> <span class='ocrx_word' id='word_1_19' title='bbox 595 589 691 644; x_wconf 90' lang='lat' dir='ltr'>audita</span> <span class='ocrx_word' id='word_1_20' title='bbox 701 598 759 644; x_wconf 91' lang='lat' dir='ltr'>est:</span> <span class='ocrx_word' id='word_1_21' title='bbox 774 587 846 644; x_wconf 84' lang='lat' dir='ltr'>aded</span> <span class='ocrx_word' id='word_1_22' title='bbox 857 589 939 645; x_wconf 88' lang='lat' dir='ltr'>simul</span> <span class='ocrx_word' id='word_1_23' title='bbox 949 591 1130 664; x_wconf 81' lang='lat' dir='ltr'><strong>spernebant,</strong></span> 
     </span>
     <span class='ocr_line' id='line_1_5' title="bbox 174 662 1189 742; baseline 0.006 -24"><span class='ocrx_word' id='word_1_24' title='bbox 174 662 257 718; x_wconf 86' lang='lat' dir='ltr'>simul</span> <span class='ocrx_word' id='word_1_25' title='bbox 271 673 378 718; x_wconf 90' lang='lat' dir='ltr'>tantam</span> <span class='ocrx_word' id='word_1_26' title='bbox 400 665 429 720; x_wconf 95' lang='lat' dir='ltr'>in</span> <span class='ocrx_word' id='word_1_27' title='bbox 447 665 540 722; x_wconf 90' lang='lat' dir='ltr'>medio</span> <span class='ocrx_word' id='word_1_28' title='bbox 560 675 738 722; x_wconf 79' lang='lat' dir='ltr'><strong>crescentem</strong></span> <span class='ocrx_word' id='word_1_29' title='bbox 760 665 862 722; x_wconf 87' lang='lat' dir='ltr'>molem</span> <span class='ocrx_word' id='word_1_30' title='bbox 884 666 937 722; x_wconf 87' lang='lat' dir='ltr'>sibi</span> <span class='ocrx_word' id='word_1_31' title='bbox 959 685 993 723; x_wconf 87' lang='lat' dir='ltr'>ac</span> <span class='ocrx_word' id='word_1_32' title='bbox 1013 669 1131 740; x_wconf 83' lang='lat' dir='ltr'>posteris</span> <span class='ocrx_word' id='word_1_33' title='bbox 1179 703 1189 742; x_wconf 50' lang='grc' dir='ltr'><em>Ι</em></span> 
     </span>
     <span class='ocr_line' id='line_1_6' title="bbox 173 727 1184 828; baseline 0.007 -34"><span class='ocrx_word' id='word_1_34' title='bbox 173 739 232 795; x_wconf 92' lang='lat' dir='ltr'>suis</span> <span class='ocrx_word' id='word_1_35' title='bbox 245 741 417 797; x_wconf 82' lang='lat' dir='ltr'>metuebant.</span> <span class='ocrx_word' id='word_1_36' title='bbox 459 743 487 798; x_wconf 92' lang='lat' dir='ltr'>A</span> <span class='ocrx_word' id='word_1_37' title='bbox 498 742 640 816; x_wconf 86' lang='lat' dir='ltr'>plerisque</span> <span class='ocrx_word' id='word_1_38' title='bbox 654 742 840 817; x_wconf 80' lang='lat' dir='ltr'>rogitantibus</span> <span class='ocrx_word' id='word_1_39' title='bbox 851 743 959 822; x_wconf 85' lang='lat' dir='ltr'>dimissi</span> <span class='ocrx_word' id='word_1_40' title='bbox 984 749 1001 828; x_wconf 50' lang='lat' dir='ltr'>‘f‘</span> <span class='ocrx_word' id='word_1_41' title='bbox 1012 727 1184 818; x_wconf 51' lang='lat' dir='ltr'>quuodtl‘</span> 
     </span>
    </p>

    <p class='ocr_par' dir='ltr' id='par_1_4' title="bbox 107 789 1187 1060">
     <span class='ocr_line' id='line_1_7' title="bbox 109 789 1164 892; baseline 0.009 -22"><span class='ocrx_word' id='word_1_42' title='bbox 109 875 116 890; x_wconf 25' lang='grc' dir='ltr'><em>κ</em></span> <span class='ocrx_word' id='word_1_43' title='bbox 175 822 191 846; x_wconf 89' lang='grc'>“</span> <span class='ocrx_word' id='word_1_44' title='bbox 204 816 327 874; x_wconf 85' lang='lat' dir='ltr'>fceminis</span> <span class='ocrx_word' id='word_1_45' title='bbox 339 836 450 891; x_wconf 89' lang='lat' dir='ltr'>quoque</span> <span class='ocrx_word' id='word_1_46' title='bbox 464 818 572 892; x_wconf 81' lang='lat' dir='ltr'>asylum</span> <span class='ocrx_word' id='word_1_47' title='bbox 586 819 781 892; x_wconf 68' lang='lat' dir='ltr'>aperuissent?</span> <span class='ocrx_word' id='word_1_48' title='bbox 794 819 824 875; x_wconf 95' lang='lat' dir='ltr'>id</span> <span class='ocrx_word' id='word_1_49' title='bbox 837 820 914 876; x_wconf 91' lang='lat' dir='ltr'>euim</span> <span class='ocrx_word' id='word_1_50' title='bbox 925 789 1039 887; x_wconf 71' lang='lat' dir='ltr'>ddiniiln</span> <span class='ocrx_word' id='word_1_51' title='bbox 1054 840 1130 878; x_wconf 93' lang='lat' dir='ltr'>com·</span> <span class='ocrx_word' id='word_1_52' title='bbox 1150 838 1164 878; x_wconf 78' lang='lat'>⁵</span> 
     </span>
     <span class='ocr_line' id='line_1_8' title="bbox 107 877 1131 986; baseline 0.007 -38"><span class='ocrx_word' id='word_1_53' title='bbox 107 890 109 898; x_wconf 85' lang='grc'><strong>’</strong></span> <span class='ocrx_word' id='word_1_54' title='bbox 175 902 194 930; x_wconf 87' lang='grc'>“</span> <span class='ocrx_word' id='word_1_55' title='bbox 205 912 255 966; x_wconf 87' lang='lat' dir='ltr'>par</span> <span class='ocrx_word' id='word_1_56' title='bbox 268 891 444 952; x_wconf 89' lang='lat' dir='ltr'>connubium</span> <span class='ocrx_word' id='word_1_57' title='bbox 458 877 676 986; x_wconf 49' lang='lat' dir='ltr'>forel’fitAEgre</span> <span class='ocrx_word' id='word_1_58' title='bbox 691 896 720 952; x_wconf 94' lang='lat' dir='ltr'>id</span> <span class='ocrx_word' id='word_1_59' title='bbox 733 896 867 953; x_wconf 89' lang='lat' dir='ltr'>Romana</span> <span class='ocrx_word' id='word_1_60' title='bbox 879 898 969 972; x_wconf 85' lang='lat' dir='ltr'>pubes</span> <span class='ocrx_word' id='word_1_61' title='bbox 981 917 1062 972; x_wconf 85' lang='lat' dir='ltr'>passa</span> <span class='ocrx_word' id='word_1_62' title='bbox 1070 917 1077 967; x_wconf 94' lang='lat'>;</span> <span class='ocrx_word' id='word_1_63' title='bbox 1101 909 1131 955; x_wconf 91' lang='lat' dir='ltr'>et</span> 
     </span>
     <span class='ocr_line' id='line_1_9' title="bbox 174 962 1187 1060; baseline 0.007 -34"><span class='ocrx_word' id='word_1_64' title='bbox 174 971 250 1026; x_wconf 87' lang='lat' dir='ltr'>baud</span> <span class='ocrx_word' id='word_1_65' title='bbox 265 970 351 1027; x_wconf 74' lang='lat' dir='ltr'>dubie</span> <span class='ocrx_word' id='word_1_66' title='bbox 366 973 401 1028; x_wconf 92' lang='lat' dir='ltr'>ad</span> <span class='ocrx_word' id='word_1_67' title='bbox 415 973 471 1028; x_wconf 89' lang='lat' dir='ltr'>vim</span> <span class='ocrx_word' id='word_1_68' title='bbox 492 970 620 1047; x_wconf 87' lang='lat' dir='ltr'>spedtare</span> <span class='ocrx_word' id='word_1_69' title='bbox 633 992 679 1030; x_wconf 90' lang='lat' dir='ltr'>res</span> <span class='ocrx_word' id='word_1_70' title='bbox 694 962 802 1060; x_wconf 67' lang='lat' dir='ltr'>,cqepit‘i</span> <span class='ocrx_word' id='word_1_71' title='bbox 823 974 871 1030; x_wconf 93' lang='lat' dir='ltr'>cui</span> <span class='ocrx_word' id='word_1_72' title='bbox 891 985 1003 1048; x_wconf 89' lang='lat' dir='ltr'>tempus</span> <span class='ocrx_word' id='word_1_73' title='bbox 1022 975 1131 1032; x_wconf 93' lang='lat' dir='ltr'>locum·</span> <span class='ocrx_word' id='word_1_74' title='bbox 1183 989 1187 998; x_wconf 85' lang='lat'>&#39;</span> 
     </span>
    </p>

    <p class='ocr_par' dir='ltr' id='par_1_5' title="bbox 111 1027 1207 1506">
     <span class='ocr_line' id='line_1_10' title="bbox 111 1027 1153 1126; baseline 0.001 -20"><span class='ocrx_word' id='word_1_75' title='bbox 111 1101 113 1106; x_wconf 92' lang='lat'><em>.</em></span> <span class='ocrx_word' id='word_1_76' title='bbox 174 1066 229 1121; x_wconf 91' lang='lat' dir='ltr'>que</span> <span class='ocrx_word' id='word_1_77' title='bbox 251 1059 346 1122; x_wconf 89' lang='lat' dir='ltr'>aptum</span> <span class='ocrx_word' id='word_1_78' title='bbox 362 1059 392 1105; x_wconf 91' lang='lat' dir='ltr'>ut</span> <span class='ocrx_word' id='word_1_79' title='bbox 405 1050 485 1107; x_wconf 88' lang='lat' dir='ltr'>daret</span> <span class='ocrx_word' id='word_1_80' title='bbox 505 1027 868 1125; x_wconf 65' lang='lat' dir='ltr'>Romuluq‘legrituttlleilr</span> <span class='ocrx_word' id='word_1_81' title='bbox 890 1051 977 1108; x_wconf 87' lang='lat' dir='ltr'>animi</span> <span class='ocrx_word' id='word_1_82' title='bbox 1001 1053 1153 1126; x_wconf 72' lang='lat' dir='ltr'>dissime-s</span> 
     </span>
     <span class='ocr_line' id='line_1_11' title="bbox 174 1123 1207 1202; baseline 0.007 -23"><span class='ocrx_word' id='word_1_83' title='bbox 174 1123 246 1197; x_wconf 91' lang='lat' dir='ltr'>lans,</span> <span class='ocrx_word' id='word_1_84' title='bbox 260 1125 341 1182; x_wconf 94' lang='lat' dir='ltr'>ludos</span> <span class='ocrx_word' id='word_1_85' title='bbox 361 1145 396 1182; x_wconf 87' lang='lat' dir='ltr'>ex</span> <span class='ocrx_word' id='word_1_86' title='bbox 410 1127 549 1184; x_wconf 72' lang='lat' dir='ltr'>industria</span> <span class='ocrx_word' id='word_1_87' title='bbox 569 1139 657 1202; x_wconf 84' lang='lat' dir='ltr'>parat,</span> <span class='ocrx_word' id='word_1_88' title='bbox 672 1128 808 1201; x_wconf 81' lang='lat' dir='ltr'>Neptuno</span> <span class='ocrx_word' id='word_1_89' title='bbox 829 1128 960 1202; x_wconf 87' lang='lat' dir='ltr'>Equestri</span> <span class='ocrx_word' id='word_1_90' title='bbox 981 1129 1207 1186; x_wconf 66' lang='lat' dir='ltr'>solennesf&#39;&#39;&#39;²‘&#39;³</span> 
     </span>
     <span class='ocr_line' id='line_1_12' title="bbox 175 1202 1170 1281; baseline 0.003 -24"><span class='ocrx_word' id='word_1_91' title='bbox 175 1202 329 1258; x_wconf 83' lang='lat' dir='ltr'>Consualia</span> <span class='ocrx_word' id='word_1_92' title='bbox 341 1214 430 1260; x_wconf 87' lang='lat' dir='ltr'>vocat.</span> <span class='ocrx_word' id='word_1_93' title='bbox 473 1203 567 1260; x_wconf 93' lang='lat' dir='ltr'>Indici</span> <span class='ocrx_word' id='word_1_94' title='bbox 581 1205 684 1261; x_wconf 87' lang='lat' dir='ltr'>deinde</span> <span class='ocrx_word' id='word_1_95' title='bbox 693 1205 1022 1280; x_wconf 88' lang='lat' dir='ltr'>finitimisspectacttlum</span> <span class='ocrx_word' id='word_1_96' title='bbox 1030 1207 1128 1281; x_wconf 85' lang='lat' dir='ltr'>jubet:</span> <span class='ocrx_word' id='word_1_97' title='bbox 1139 1222 1170 1260; x_wconf 88' lang='lat' dir='ltr'>re·</span> 
     </span>
     <span class='ocr_line' id='line_1_13' title="bbox 173 1283 1130 1358; baseline 0.006 -23"><span class='ocrx_word' id='word_1_98' title='bbox 173 1291 333 1354; x_wconf 90' lang='lat' dir='ltr'>quantoque</span> <span class='ocrx_word' id='word_1_99' title='bbox 354 1291 488 1355; x_wconf 87' lang='lat' dir='ltr'>apparatu</span> <span class='ocrx_word' id='word_1_100' title='bbox 515 1292 575 1338; x_wconf 90' lang='lat' dir='ltr'>tum</span> <span class='ocrx_word' id='word_1_101' title='bbox 600 1283 738 1353; x_wconf 81' lang='lat' dir='ltr'>sciebant,</span> <span class='ocrx_word' id='word_1_102' title='bbox 764 1293 813 1338; x_wconf 88' lang='lat' dir='ltr'>aut</span> <span class='ocrx_word' id='word_1_103' title='bbox 837 1293 976 1358; x_wconf 85' lang='lat' dir='ltr'>poterant,</span> <span class='ocrx_word' id='word_1_104' title='bbox 999 1284 1130 1340; x_wconf 90' lang='lat' dir='ltr'>concele-</span> 
     </span>
     <span class='ocr_line' id='line_1_14' title="bbox 174 1357 1128 1434; baseline 0.006 -22"><span class='ocrx_word' id='word_1_105' title='bbox 174 1357 274 1424; x_wconf 88' lang='lat' dir='ltr'>brant;</span> <span class='ocrx_word' id='word_1_106' title='bbox 303 1368 334 1414; x_wconf 93' lang='lat' dir='ltr'>ut</span> <span class='ocrx_word' id='word_1_107' title='bbox 356 1377 416 1414; x_wconf 90' lang='lat' dir='ltr'>rem</span> <span class='ocrx_word' id='word_1_108' title='bbox 444 1359 550 1416; x_wconf 88' lang='lat' dir='ltr'>claram</span> <span class='ocrx_word' id='word_1_109' title='bbox 582 1370 828 1434; x_wconf 81' lang='lat' dir='ltr'>exspectatamque</span> <span class='ocrx_word' id='word_1_110' title='bbox 855 1360 989 1416; x_wconf 82' lang='lat' dir='ltr'>lacerent.</span> <span class='ocrx_word' id='word_1_111' title='bbox 1013 1360 1128 1418; x_wconf 79' lang='lat' dir='ltr'>.&#39;-Multi</span> 
     </span>
     <span class='ocr_line' id='line_1_15' title="bbox 174 1435 1127 1506; baseline 0.005 -17"><span class='ocrx_word' id='word_1_112' title='bbox 174 1435 305 1491; x_wconf 85' lang='lat' dir='ltr'>mortales</span> <span class='ocrx_word' id='word_1_113' title='bbox 330 1435 499 1506; x_wconf 70' lang='lat' dir='ltr'>convenere,</span> <span class='ocrx_word' id='word_1_114' title='bbox 526 1437 620 1493; x_wconf 87' lang='lat' dir='ltr'>studio</span> <span class='ocrx_word' id='word_1_115' title='bbox 645 1437 730 1493; x_wconf 88' lang='lat' dir='ltr'>etiam</span> <span class='ocrx_word' id='word_1_116' title='bbox 763 1437 892 1494; x_wconf 75' lang='lat' dir='ltr'>ridendae</span> <span class='ocrx_word' id='word_1_117' title='bbox 918 1455 998 1494; x_wconf 83' lang='lat' dir='ltr'>novae</span> <span class='ocrx_word' id='word_1_118' title='bbox 1030 1438 1127 1506; x_wconf 78' lang='lat' dir='ltr'>urbie;</span> 
     </span>
    </p>

    <p class='ocr_par' dir='ltr' id='par_1_6' title="bbox 121 1510 1162 3293">
     <span class='ocr_line' id='line_1_16' title="bbox 121 1510 1129 1588; baseline 0.005 -22"><span class='ocrx_word' id='word_1_119' title='bbox 121 1510 125 1521; x_wconf 84' lang='grc'><em>“</em></span> <span class='ocrx_word' id='word_1_120' title='bbox 172 1511 296 1568; x_wconf 72' lang='lat' dir='ltr'>maxime</span> <span class='ocrx_word' id='word_1_121' title='bbox 317 1513 439 1586; x_wconf 89' lang='lat' dir='ltr'>proximi</span> <span class='ocrx_word' id='word_1_122' title='bbox 462 1514 575 1588; x_wconf 88' lang='lat' dir='ltr'>quique,</span> <span class='ocrx_word' id='word_1_123' title='bbox 591 1514 787 1580; x_wconf 82' lang='lat' dir='ltr'>Caeninenses,</span> <span class='ocrx_word' id='word_1_124' title='bbox 809 1514 995 1580; x_wconf 76' lang='lat' dir='ltr'>Crustumini,</span> <span class='ocrx_word' id='word_1_125' title='bbox 1010 1517 1129 1571; x_wconf 88' lang='lat' dir='ltr'>Antem-</span> 
     </span>
     <span class='ocr_line' id='line_1_17' title="bbox 172 1589 1162 1663; baseline 0 -19"><span class='ocrx_word' id='word_1_126' title='bbox 172 1599 261 1645; x_wconf 84' lang='lat' dir='ltr'>nates.</span> <span class='ocrx_word' id='word_1_127' title='bbox 310 1589 375 1646; x_wconf 81' lang='lat' dir='ltr'>lam</span> <span class='ocrx_word' id='word_1_128' title='bbox 398 1591 567 1648; x_wconf 81' lang='lat' dir='ltr'>Sabinorum</span> <span class='ocrx_word' id='word_1_129' title='bbox 588 1593 681 1648; x_wconf 88' lang='lat' dir='ltr'>omnis</span> <span class='ocrx_word' id='word_1_130' title='bbox 701 1591 860 1663; x_wconf 90' lang='lat' dir='ltr'>multitudo,</span> <span class='ocrx_word' id='word_1_131' title='bbox 881 1611 948 1648; x_wconf 89' lang='lat' dir='ltr'>cum</span> <span class='ocrx_word' id='word_1_132' title='bbox 973 1592 1070 1648; x_wconf 88' lang='lat' dir='ltr'>liberis</span> <span class='ocrx_word' id='word_1_133' title='bbox 1093 1611 1127 1650; x_wconf 85' lang='lat' dir='ltr'>ac</span> <span class='ocrx_word' id='word_1_134' title='bbox 1137 1606 1162 1645; x_wconf 80' lang='lat' dir='ltr'>rs</span> 
     </span>
     <span class='ocr_line' id='line_1_18' title="bbox 172 1667 1127 1744; baseline 0.006 -23"><span class='ocrx_word' id='word_1_135' title='bbox 172 1667 349 1742; x_wconf 87' lang='lat' dir='ltr'>conjugibus,</span> <span class='ocrx_word' id='word_1_136' title='bbox 363 1669 454 1725; x_wconf 83' lang='lat' dir='ltr'>venit:</span> <span class='ocrx_word' id='word_1_137' title='bbox 469 1669 579 1726; x_wconf 86' lang='lat' dir='ltr'>invitati</span> <span class='ocrx_word' id='word_1_138' title='bbox 591 1669 763 1744; x_wconf 88' lang='lat' dir='ltr'>hospitaliter</span> <span class='ocrx_word' id='word_1_139' title='bbox 770 1688 820 1744; x_wconf 92' lang='lat' dir='ltr'>per</span> <span class='ocrx_word' id='word_1_140' title='bbox 829 1670 935 1739; x_wconf 89' lang='lat' dir='ltr'>domos,</span> <span class='ocrx_word' id='word_1_141' title='bbox 944 1688 1029 1742; x_wconf 92' lang='lat' dir='ltr'>quum</span> <span class='ocrx_word' id='word_1_142' title='bbox 1042 1671 1127 1727; x_wconf 91' lang='lat' dir='ltr'>situm</span> 
     </span>
     <span class='ocr_line' id='line_1_19' title="bbox 172 1745 1161 1820; baseline 0.005 -21"><span class='ocrx_word' id='word_1_143' title='bbox 172 1745 332 1818; x_wconf 88' lang='lat' dir='ltr'>moeniaque</span> <span class='ocrx_word' id='word_1_144' title='bbox 353 1755 382 1802; x_wconf 89' lang='lat' dir='ltr'>et</span> <span class='ocrx_word' id='word_1_145' title='bbox 403 1745 579 1820; x_wconf 86' lang='lat' dir='ltr'>frequentem</span> <span class='ocrx_word' id='word_1_146' title='bbox 599 1747 682 1804; x_wconf 90' lang='lat' dir='ltr'>tectis</span> <span class='ocrx_word' id='word_1_147' title='bbox 696 1748 794 1804; x_wconf 89' lang='lat' dir='ltr'>urbem</span> <span class='ocrx_word' id='word_1_148' title='bbox 813 1747 957 1818; x_wconf 88' lang='lat' dir='ltr'>vidissent,</span> <span class='ocrx_word' id='word_1_149' title='bbox 979 1747 1161 1814; x_wconf 56' lang='lat' dir='ltr'>mirantum„</span> 
     </span>
     <span class='ocr_line' id='line_1_20' title="bbox 172 1815 1155 1904; baseline 0.004 -28"><span class='ocrx_word' id='word_1_150' title='bbox 172 1832 228 1877; x_wconf 89' lang='lat' dir='ltr'>tarn</span> <span class='ocrx_word' id='word_1_151' title='bbox 243 1822 319 1880; x_wconf 89' lang='lat' dir='ltr'>brevi</span> <span class='ocrx_word' id='word_1_152' title='bbox 333 1842 391 1879; x_wconf 90' lang='lat' dir='ltr'>rem</span> <span class='ocrx_word' id='word_1_153' title='bbox 407 1817 569 1880; x_wconf 87' lang='lat' dir='ltr'>Romanam</span> <span class='ocrx_word' id='word_1_154' title='bbox 590 1825 721 1881; x_wconf 88' lang='lat' dir='ltr'>crevisse.</span> <span class='ocrx_word' id='word_1_155' title='bbox 762 1824 818 1881; x_wconf 82' lang='lat' dir='ltr'>Ubi</span> <span class='ocrx_word' id='word_1_156' title='bbox 840 1823 994 1898; x_wconf 83' lang='lat' dir='ltr'>spectaculi</span> <span class='ocrx_word' id='word_1_157' title='bbox 1014 1815 1155 1904; x_wconf 56' lang='lat' dir='ltr'>tempus}</span> 
     </span>
     <span class='ocr_line' id='line_1_21' title="bbox 171 1900 1160 1978; baseline 0.003 -25"><span class='ocrx_word' id='word_1_158' title='bbox 171 1900 258 1965; x_wconf 84' lang='lat' dir='ltr'>venit,</span> <span class='ocrx_word' id='word_1_159' title='bbox 272 1901 430 1974; x_wconf 80' lang='lat' dir='ltr'>deditaeque</span> <span class='ocrx_word' id='word_1_160' title='bbox 444 1900 479 1958; x_wconf 89' lang='lat' dir='ltr'>ed</span> <span class='ocrx_word' id='word_1_161' title='bbox 492 1911 602 1958; x_wconf 89' lang='lat' dir='ltr'>mentes</span> <span class='ocrx_word' id='word_1_162' title='bbox 625 1921 691 1959; x_wconf 91' lang='lat' dir='ltr'>cum</span> <span class='ocrx_word' id='word_1_163' title='bbox 704 1902 795 1960; x_wconf 88' lang='lat' dir='ltr'>oculis</span> <span class='ocrx_word' id='word_1_164' title='bbox 815 1912 905 1967; x_wconf 89' lang='lat' dir='ltr'>erant,</span> <span class='ocrx_word' id='word_1_165' title='bbox 919 1911 979 1957; x_wconf 88' lang='lat' dir='ltr'>tum</span> <span class='ocrx_word' id='word_1_166' title='bbox 993 1920 1029 1956; x_wconf 89' lang='lat' dir='ltr'>ex</span> <span class='ocrx_word' id='word_1_167' title='bbox 1049 1920 1125 1957; x_wconf 90' lang='lat' dir='ltr'>com·</span> <span class='ocrx_word' id='word_1_168' title='bbox 1140 1910 1160 1978; x_wconf 58' lang='grc' dir='ltr'>ζ.</span> 
     </span>
     <span class='ocr_line' id='line_1_22' title="bbox 170 1977 1153 2055; baseline 0.002 -23"><span class='ocrx_word' id='word_1_169' title='bbox 170 1977 259 2050; x_wconf 91' lang='lat' dir='ltr'>posito</span> <span class='ocrx_word' id='word_1_170' title='bbox 272 1991 333 2034; x_wconf 84' lang='lat' dir='ltr'>orta</span> <span class='ocrx_word' id='word_1_171' title='bbox 346 1978 403 2036; x_wconf 92' lang='lat' dir='ltr'>vis:</span> <span class='ocrx_word' id='word_1_172' title='bbox 424 1979 561 2054; x_wconf 87' lang='lat' dir='ltr'>signoque</span> <span class='ocrx_word' id='word_1_173' title='bbox 575 1981 650 2046; x_wconf 87' lang='lat' dir='ltr'>dato,</span> <span class='ocrx_word' id='word_1_174' title='bbox 669 1981 802 2055; x_wconf 88' lang='lat' dir='ltr'>juventus</span> <span class='ocrx_word' id='word_1_175' title='bbox 815 1979 948 2036; x_wconf 86' lang='lat' dir='ltr'>Romana</span> <span class='ocrx_word' id='word_1_176' title='bbox 966 1978 1001 2034; x_wconf 87' lang='lat' dir='ltr'>ad</span> <span class='ocrx_word' id='word_1_177' title='bbox 1014 1979 1125 2052; x_wconf 85' lang='lat' dir='ltr'>rapien·</span> <span class='ocrx_word' id='word_1_178' title='bbox 1139 2026 1153 2054; x_wconf 61' lang='lat'>,</span> 
     </span>
     <span class='ocr_line' id='line_1_23' title="bbox 170 2055 1153 2132; baseline 0.001 -22"><span class='ocrx_word' id='word_1_179' title='bbox 170 2055 220 2111; x_wconf 89' lang='lat' dir='ltr'>das</span> <span class='ocrx_word' id='word_1_180' title='bbox 234 2056 357 2130; x_wconf 89' lang='lat' dir='ltr'>virgines</span> <span class='ocrx_word' id='word_1_181' title='bbox 371 2055 511 2114; x_wconf 90' lang='lat' dir='ltr'>discurrit.</span> <span class='ocrx_word' id='word_1_182' title='bbox 553 2056 662 2132; x_wconf 88' lang='lat' dir='ltr'>Magna</span> <span class='ocrx_word' id='word_1_183' title='bbox 682 2076 745 2132; x_wconf 90' lang='lat' dir='ltr'>pars</span> <span class='ocrx_word' id='word_1_184' title='bbox 767 2056 847 2123; x_wconf 87' lang='lat' dir='ltr'>forte,</span> <span class='ocrx_word' id='word_1_185' title='bbox 860 2071 892 2112; x_wconf 91' lang='lat' dir='ltr'>ut</span> <span class='ocrx_word' id='word_1_186' title='bbox 905 2055 934 2112; x_wconf 93' lang='lat' dir='ltr'>in</span> <span class='ocrx_word' id='word_1_187' title='bbox 948 2073 1030 2128; x_wconf 91' lang='lat' dir='ltr'>quem</span> <span class='ocrx_word' id='word_1_188' title='bbox 1050 2075 1124 2128; x_wconf 84' lang='lat' dir='ltr'>quae-</span> <span class='ocrx_word' id='word_1_189' title='bbox 1139 2058 1153 2126; x_wconf 69' lang='grc' dir='ltr'>ξι</span> 
     </span>
     <span class='ocr_line' id='line_1_24' title="bbox 169 2133 1158 2216; baseline 0.001 -29"><span class='ocrx_word' id='word_1_190' title='bbox 169 2151 223 2205; x_wconf 92' lang='lat' dir='ltr'>que</span> <span class='ocrx_word' id='word_1_191' title='bbox 238 2133 386 2200; x_wconf 86' lang='lat' dir='ltr'>inciderat,</span> <span class='ocrx_word' id='word_1_192' title='bbox 401 2145 505 2209; x_wconf 82' lang='lat' dir='ltr'>raptae3</span> <span class='ocrx_word' id='word_1_193' title='bbox 526 2136 661 2208; x_wconf 86' lang='lat' dir='ltr'>quasdam</span> <span class='ocrx_word' id='word_1_194' title='bbox 676 2134 765 2191; x_wconf 66' lang='lat' dir='ltr'>sonna</span> <span class='ocrx_word' id='word_1_195' title='bbox 778 2133 944 2202; x_wconf 86' lang='lat' dir='ltr'>excellente,</span> <span class='ocrx_word' id='word_1_196' title='bbox 956 2133 1124 2207; x_wconf 90' lang='lat' dir='ltr'>primoribus</span> <span class='ocrx_word' id='word_1_197' title='bbox 1139 2143 1158 2216; x_wconf 64' lang='grc' dir='ltr'>Ξ</span> 
     </span>
     <span class='ocr_line' id='line_1_25' title="bbox 170 2209 1159 2286; baseline 0.001 -20"><span class='ocrx_word' id='word_1_198' title='bbox 170 2209 283 2266; x_wconf 84' lang='lat' dir='ltr'>l&#39;atrum</span> <span class='ocrx_word' id='word_1_199' title='bbox 303 2211 467 2283; x_wconf 90' lang='lat' dir='ltr'>destinatas,</span> <span class='ocrx_word' id='word_1_200' title='bbox 480 2231 516 2268; x_wconf 87' lang='lat' dir='ltr'>ex</span> <span class='ocrx_word' id='word_1_201' title='bbox 536 2211 619 2286; x_wconf 87' lang='lat' dir='ltr'>plebe</span> <span class='ocrx_word' id='word_1_202' title='bbox 640 2212 778 2283; x_wconf 89' lang='lat' dir='ltr'>homines,</span> <span class='ocrx_word' id='word_1_203' title='bbox 792 2211 894 2284; x_wconf 89' lang='lat' dir='ltr'>quibus</span> <span class='ocrx_word' id='word_1_204' title='bbox 917 2211 1014 2266; x_wconf 90' lang='lat' dir='ltr'>datum</span> <span class='ocrx_word' id='word_1_205' title='bbox 1037 2219 1159 2286; x_wconf 68' lang='lat' dir='ltr'>nego-⁶-</span> 
     </span>
     <span class='ocr_line' id='line_1_26' title="bbox 169 2286 1123 2362; baseline 0.002 -20"><span class='ocrx_word' id='word_1_206' title='bbox 169 2287 239 2342; x_wconf 91' lang='lat' dir='ltr'>tium</span> <span class='ocrx_word' id='word_1_207' title='bbox 253 2299 323 2360; x_wconf 88' lang='lat' dir='ltr'>erat,</span> <span class='ocrx_word' id='word_1_208' title='bbox 337 2290 435 2345; x_wconf 89' lang='lat' dir='ltr'>domos</span> <span class='ocrx_word' id='word_1_209' title='bbox 448 2289 621 2345; x_wconf 82' lang='lat' dir='ltr'>deserebant.</span> <span class='ocrx_word' id='word_1_210' title='bbox 663 2288 765 2357; x_wconf 91' lang='lat' dir='ltr'>Unam,</span> <span class='ocrx_word' id='word_1_211' title='bbox 779 2286 864 2362; x_wconf 76' lang='lat' dir='ltr'>longe</span> <span class='ocrx_word' id='word_1_212' title='bbox 873 2297 938 2343; x_wconf 89' lang='lat' dir='ltr'>ante</span> <span class='ocrx_word' id='word_1_213' title='bbox 947 2287 1015 2342; x_wconf 86' lang='lat' dir='ltr'>alies</span> <span class='ocrx_word' id='word_1_214' title='bbox 1029 2288 1123 2362; x_wconf 89' lang='lat' dir='ltr'>specie</span> 
     </span>
     <span class='ocr_line' id='line_1_27' title="bbox 169 2364 1157 2441; baseline -0.001 -21"><span class='ocrx_word' id='word_1_215' title='bbox 169 2383 203 2420; x_wconf 89' lang='lat' dir='ltr'>ac</span> <span class='ocrx_word' id='word_1_216' title='bbox 217 2365 428 2439; x_wconf 91' lang='lat' dir='ltr'>pulchritudine</span> <span class='ocrx_word' id='word_1_217' title='bbox 449 2366 599 2441; x_wconf 89' lang='lat' dir='ltr'>insignem,</span> <span class='ocrx_word' id='word_1_218' title='bbox 615 2385 632 2422; x_wconf 89' lang='lat' dir='ltr'>a</span> <span class='ocrx_word' id='word_1_219' title='bbox 652 2365 736 2440; x_wconf 90' lang='lat' dir='ltr'>globo</span> <span class='ocrx_word' id='word_1_220' title='bbox 756 2365 879 2421; x_wconf 83' lang='lat' dir='ltr'>Talassii</span> <span class='ocrx_word' id='word_1_221' title='bbox 897 2364 1047 2438; x_wconf 87' lang='lat' dir='ltr'>cujusdam</span> <span class='ocrx_word' id='word_1_222' title='bbox 1062 2383 1157 2440; x_wconf 67' lang='lat' dir='ltr'>rap-25</span> 
     </span>
     <span class='ocr_line' id='line_1_28' title="bbox 168 2441 1122 2517; baseline 0.001 -19"><span class='ocrx_word' id='word_1_223' title='bbox 168 2453 226 2498; x_wconf 89' lang='lat' dir='ltr'>tam</span> <span class='ocrx_word' id='word_1_224' title='bbox 247 2442 356 2500; x_wconf 86' lang='lat' dir='ltr'>ferunt:</span> <span class='ocrx_word' id='word_1_225' title='bbox 378 2443 529 2517; x_wconf 90' lang='lat' dir='ltr'>multisque</span> <span class='ocrx_word' id='word_1_226' title='bbox 549 2443 774 2514; x_wconf 70' lang='lat' dir='ltr'>sciscitantibus,</span> <span class='ocrx_word' id='word_1_227' title='bbox 785 2442 899 2498; x_wconf 86' lang='lat' dir='ltr'>cuinam</span> <span class='ocrx_word' id='word_1_228' title='bbox 922 2459 986 2498; x_wconf 86' lang='lat' dir='ltr'>eam</span> <span class='ocrx_word' id='word_1_229' title='bbox 1007 2441 1122 2508; x_wconf 86' lang='lat' dir='ltr'>ferrent,</span> 
     </span>
     <span class='ocr_line' id='line_1_29' title="bbox 169 2518 1123 2594; baseline 0 -18"><span class='ocrx_word' id='word_1_230' title='bbox 169 2519 333 2590; x_wconf 89' lang='lat' dir='ltr'>identidem,</span> <span class='ocrx_word' id='word_1_231' title='bbox 348 2539 384 2576; x_wconf 93' lang='lat' dir='ltr'>ne</span> <span class='ocrx_word' id='word_1_232' title='bbox 400 2521 462 2594; x_wconf 90' lang='lat' dir='ltr'>quis</span> <span class='ocrx_word' id='word_1_233' title='bbox 484 2521 608 2593; x_wconf 82' lang='lat' dir='ltr'>violaret,</span> <span class='ocrx_word' id='word_1_234' title='bbox 629 2521 761 2578; x_wconf 88' lang='lat' dir='ltr'>Talassio</span> <span class='ocrx_word' id='word_1_235' title='bbox 782 2519 846 2576; x_wconf 84' lang='lat' dir='ltr'>ferri</span> <span class='ocrx_word' id='word_1_236' title='bbox 867 2518 1059 2576; x_wconf 86' lang='lat' dir='ltr'>clamitatum:</span> <span class='ocrx_word' id='word_1_237' title='bbox 1080 2519 1123 2576; x_wconf 92' lang='lat' dir='ltr'>in·</span> 
     </span>
     <span class='ocr_line' id='line_1_30' title="bbox 168 2597 1122 2672; baseline -0.001 -19"><span class='ocrx_word' id='word_1_238' title='bbox 168 2598 204 2654; x_wconf 90' lang='lat' dir='ltr'>de</span> <span class='ocrx_word' id='word_1_239' title='bbox 228 2598 382 2672; x_wconf 90' lang='lat' dir='ltr'>nuptialem</span> <span class='ocrx_word' id='word_1_240' title='bbox 405 2599 479 2655; x_wconf 89' lang='lat' dir='ltr'>banc</span> <span class='ocrx_word' id='word_1_241' title='bbox 502 2617 601 2656; x_wconf 89' lang='lat' dir='ltr'>vocem</span> <span class='ocrx_word' id='word_1_242' title='bbox 623 2598 735 2655; x_wconf 83' lang='lat' dir='ltr'>sectam.</span> <span class='ocrx_word' id='word_1_243' title='bbox 784 2597 913 2654; x_wconf 89' lang='lat' dir='ltr'>Turbato</span> <span class='ocrx_word' id='word_1_244' title='bbox 938 2615 988 2670; x_wconf 87' lang='lat' dir='ltr'>per</span> <span class='ocrx_word' id='word_1_245' title='bbox 1014 2608 1122 2654; x_wconf 87' lang='lat' dir='ltr'>metum</span> 
     </span>
     <span class='ocr_line' id='line_1_31' title="bbox 168 2673 1122 2752; baseline -0.002 -20"><span class='ocrx_word' id='word_1_246' title='bbox 168 2676 287 2741; x_wconf 89' lang='lat' dir='ltr'>ludicro,</span> <span class='ocrx_word' id='word_1_247' title='bbox 314 2676 406 2732; x_wconf 91' lang='lat' dir='ltr'>moesti</span> <span class='ocrx_word' id='word_1_248' title='bbox 432 2687 564 2750; x_wconf 86' lang='lat' dir='ltr'>parentes</span> <span class='ocrx_word' id='word_1_249' title='bbox 589 2677 729 2752; x_wconf 87' lang='lat' dir='ltr'>virginum</span> <span class='ocrx_word' id='word_1_250' title='bbox 755 2675 928 2750; x_wconf 83' lang='lat' dir='ltr'>profugiunt,</span> <span class='ocrx_word' id='word_1_251' title='bbox 958 2673 1122 2730; x_wconf 88' lang='lat' dir='ltr'>incusantes</span> 
     </span>
     <span class='ocr_line' id='line_1_32' title="bbox 168 2751 1156 2828; baseline 0 -21"><span class='ocrx_word' id='word_1_252' title='bbox 168 2753 261 2810; x_wconf 88' lang='lat' dir='ltr'>violati</span> <span class='ocrx_word' id='word_1_253' title='bbox 267 2757 276 2781; x_wconf 84' lang='lat'>·&#39;</span> <span class='ocrx_word' id='word_1_254' title='bbox 286 2754 398 2828; x_wconf 89' lang='lat' dir='ltr'>hospitii</span> <span class='ocrx_word' id='word_1_255' title='bbox 412 2753 513 2821; x_wconf 86' lang='lat' dir='ltr'>soedus,</span> <span class='ocrx_word' id='word_1_256' title='bbox 529 2754 678 2828; x_wconf 91' lang='lat' dir='ltr'>Deumque</span> <span class='ocrx_word' id='word_1_257' title='bbox 695 2754 872 2818; x_wconf 89' lang='lat' dir='ltr'>invocantes,-</span> <span class='ocrx_word' id='word_1_258' title='bbox 884 2751 966 2826; x_wconf 89' lang='lat' dir='ltr'>cujus</span> <span class='ocrx_word' id='word_1_259' title='bbox 982 2751 1017 2806; x_wconf 86' lang='lat' dir='ltr'>ad</span> <span class='ocrx_word' id='word_1_260' title='bbox 1031 2751 1121 2808; x_wconf 90' lang='lat' dir='ltr'>solen·</span> <span class='ocrx_word' id='word_1_261' title='bbox 1130 2774 1156 2813; x_wconf 79' lang='lat' dir='ltr'>ao</span> 
     </span>
     <span class='ocr_line' id='line_1_33' title="bbox 167 2827 1154 2905; baseline -0.004 -17"><span class='ocrx_word' id='word_1_262' title='bbox 167 2849 204 2888; x_wconf 91' lang='lat' dir='ltr'>ne</span> <span class='ocrx_word' id='word_1_263' title='bbox 219 2831 364 2905; x_wconf 89' lang='lat' dir='ltr'>ludosque,</span> <span class='ocrx_word' id='word_1_264' title='bbox 377 2849 428 2905; x_wconf 89' lang='lat' dir='ltr'>per</span> <span class='ocrx_word' id='word_1_265' title='bbox 441 2831 483 2888; x_wconf 83' lang='lat' dir='ltr'>sas</span> <span class='ocrx_word' id='word_1_266' title='bbox 497 2851 530 2888; x_wconf 91' lang='lat' dir='ltr'>ac</span> <span class='ocrx_word' id='word_1_267' title='bbox 549 2831 634 2888; x_wconf 87' lang='lat' dir='ltr'>fidem</span> <span class='ocrx_word' id='word_1_268' title='bbox 655 2831 778 2905; x_wconf 89' lang='lat' dir='ltr'>decepti,</span> <span class='ocrx_word' id='word_1_269' title='bbox 791 2830 942 2886; x_wconf 87' lang='lat' dir='ltr'>venissent.</span> <span class='ocrx_word' id='word_1_270' title='bbox 982 2827 1048 2886; x_wconf 94' lang='lat' dir='ltr'>Nec</span> <span class='ocrx_word' id='word_1_271' title='bbox 1061 2847 1122 2904; x_wconf 90' lang='lat' dir='ltr'>rap·</span> <span class='ocrx_word' id='word_1_272' title='bbox 1151 2853 1154 2862; x_wconf 57' lang='lat'><strong>⁴</strong></span> 
     </span>
     <span class='ocr_line' id='line_1_34' title="bbox 168 2906 1150 2984; baseline -0.003 -20"><span class='ocrx_word' id='word_1_273' title='bbox 168 2910 203 2964; x_wconf 90' lang='lat' dir='ltr'>tis</span> <span class='ocrx_word' id='word_1_274' title='bbox 217 2919 266 2964; x_wconf 90' lang='lat' dir='ltr'>aut</span> <span class='ocrx_word' id='word_1_275' title='bbox 278 2927 342 2982; x_wconf 86' lang='lat' dir='ltr'>spes</span> <span class='ocrx_word' id='word_1_276' title='bbox 355 2909 391 2964; x_wconf 94' lang='lat' dir='ltr'>de</span> <span class='ocrx_word' id='word_1_277' title='bbox 405 2928 435 2964; x_wconf 92' lang='lat' dir='ltr'>se</span> <span class='ocrx_word' id='word_1_278' title='bbox 449 2909 557 2980; x_wconf 92' lang='lat' dir='ltr'>melior,</span> <span class='ocrx_word' id='word_1_279' title='bbox 571 2919 619 2966; x_wconf 90' lang='lat' dir='ltr'>aut</span> <span class='ocrx_word' id='word_1_280' title='bbox 632 2909 789 2984; x_wconf 86' lang='lat' dir='ltr'>indignatio</span> <span class='ocrx_word' id='word_1_281' title='bbox 810 2918 853 2964; x_wconf 90' lang='lat' dir='ltr'>est</span> <span class='ocrx_word' id='word_1_282' title='bbox 869 2906 976 2962; x_wconf 89' lang='lat' dir='ltr'>minor:</span> <span class='ocrx_word' id='word_1_283' title='bbox 997 2907 1047 2962; x_wconf 89' lang='lat' dir='ltr'>sed</span> <span class='ocrx_word' id='word_1_284' title='bbox 1062 2906 1121 2981; x_wconf 87' lang='lat' dir='ltr'>ipse</span> <span class='ocrx_word' id='word_1_285' title='bbox 1147 2969 1150 2974; x_wconf 27' lang='lat'>¹</span> 
     </span>
     <span class='ocr_line' id='line_1_35' title="bbox 168 2984 1122 3059; baseline -0.002 -17"><span class='ocrx_word' id='word_1_286' title='bbox 168 2986 310 3042; x_wconf 88' lang='lat' dir='ltr'>Romulus</span> <span class='ocrx_word' id='word_1_287' title='bbox 323 2985 471 3058; x_wconf 87' lang='lat' dir='ltr'>circuibat,</span> <span class='ocrx_word' id='word_1_288' title='bbox 485 2987 660 3059; x_wconf 89' lang='lat' dir='ltr'>docebatque</span> <span class='ocrx_word' id='word_1_289' title='bbox 670 3005 676 3043; x_wconf 93' lang='lat'><strong>:</strong></span> <span class='ocrx_word' id='word_1_290' title='bbox 687 3009 700 3034; x_wconf 85' lang='lat'><strong>·</strong></span> <span class='ocrx_word' id='word_1_291' title='bbox 719 2991 736 3018; x_wconf 88' lang='lat'><strong>“</strong></span> <span class='ocrx_word' id='word_1_292' title='bbox 747 2986 860 3042; x_wconf 86' lang='lat' dir='ltr'>Patrem</span> <span class='ocrx_word' id='word_1_293' title='bbox 875 2984 904 3040; x_wconf 93' lang='lat' dir='ltr'>id</span> <span class='ocrx_word' id='word_1_294' title='bbox 920 2984 1052 3058; x_wconf 69' lang='lat' dir='ltr'>superbia</span> <span class='ocrx_word' id='word_1_295' title='bbox 1066 2985 1122 3040; x_wconf 85' lang='lat' dir='ltr'>sac-</span> 
     </span>
     <span class='ocr_line' id='line_1_36' title="bbox 169 3061 1121 3138; baseline -0.002 -18"><span class='ocrx_word' id='word_1_296' title='bbox 169 3074 269 3130; x_wconf 84' lang='lat' dir='ltr'>“tum‚</span> <span class='ocrx_word' id='word_1_297' title='bbox 289 3064 336 3137; x_wconf 93' lang='lat' dir='ltr'>qui</span> <span class='ocrx_word' id='word_1_298' title='bbox 358 3064 533 3120; x_wconf 91' lang='lat' dir='ltr'>connubium</span> <span class='ocrx_word' id='word_1_299' title='bbox 554 3063 681 3120; x_wconf 89' lang='lat' dir='ltr'>finitimis</span> <span class='ocrx_word' id='word_1_300' title='bbox 701 3065 870 3138; x_wconf 72' lang='lat' dir='ltr'>negassent:</span> <span class='ocrx_word' id='word_1_301' title='bbox 892 3061 954 3117; x_wconf 90' lang='lat' dir='ltr'>illas</span> <span class='ocrx_word' id='word_1_302' title='bbox 974 3071 1069 3118; x_wconf 90' lang='lat' dir='ltr'>tamen</span> <span class='ocrx_word' id='word_1_303' title='bbox 1092 3063 1121 3118; x_wconf 90' lang='lat' dir='ltr'>in</span> 
     </span>
     <span class='ocr_line' id='line_1_37' title="bbox 168 3138 1156 3212; baseline 0 -16"><span class='ocrx_word' id='word_1_304' title='bbox 168 3147 186 3173; x_wconf 79' lang='lat'>‘¹</span> <span class='ocrx_word' id='word_1_305' title='bbox 199 3141 386 3206; x_wconf 89' lang='lat' dir='ltr'>matrimonio,</span> <span class='ocrx_word' id='word_1_306' title='bbox 402 3141 430 3197; x_wconf 96' lang='lat' dir='ltr'>in</span> <span class='ocrx_word' id='word_1_307' title='bbox 448 3141 581 3198; x_wconf 88' lang='lat' dir='ltr'>societate</span> <span class='ocrx_word' id='word_1_308' title='bbox 603 3141 776 3197; x_wconf 83' lang='lat' dir='ltr'>fortunarum</span> <span class='ocrx_word' id='word_1_309' title='bbox 794 3139 921 3197; x_wconf 90' lang='lat' dir='ltr'>omnium</span> <span class='ocrx_word' id='word_1_310' title='bbox 935 3138 1120 3212; x_wconf 87' lang='lat' dir='ltr'>civitatisque,</span> <span class='ocrx_word' id='word_1_311' title='bbox 1130 3161 1156 3201; x_wconf 77' lang='lat' dir='ltr'>as</span> 
     </span>
     <span class='ocr_line' id='line_1_38' title="bbox 168 3215 1122 3293; baseline -0.001 -18"><span class='ocrx_word' id='word_1_312' title='bbox 168 3229 186 3255; x_wconf 80' lang='lat'>‘⁴</span> <span class='ocrx_word' id='word_1_313' title='bbox 199 3230 235 3289; x_wconf 90' lang='lat' dir='ltr'>et,</span> <span class='ocrx_word' id='word_1_314' title='bbox 250 3237 305 3292; x_wconf 93' lang='lat' dir='ltr'>quo</span> <span class='ocrx_word' id='word_1_315' title='bbox 318 3218 388 3276; x_wconf 90' lang='lat' dir='ltr'>nihil</span> <span class='ocrx_word' id='word_1_316' title='bbox 402 3219 496 3275; x_wconf 88' lang='lat' dir='ltr'>carius</span> <span class='ocrx_word' id='word_1_317' title='bbox 509 3219 633 3275; x_wconf 88' lang='lat' dir='ltr'>humano</span> <span class='ocrx_word' id='word_1_318' title='bbox 644 3218 741 3293; x_wconf 82' lang='lat' dir='ltr'>generi</span> <span class='ocrx_word' id='word_1_319' title='bbox 753 3218 798 3284; x_wconf 87' lang='lat' dir='ltr'>sit,</span> <span class='ocrx_word' id='word_1_320' title='bbox 810 3217 928 3274; x_wconf 81' lang='lat' dir='ltr'>liberum</span> <span class='ocrx_word' id='word_1_321' title='bbox 940 3215 1008 3272; x_wconf 85' lang='lat' dir='ltr'>fore.</span> <span class='ocrx_word' id='word_1_322' title='bbox 1049 3215 1122 3274; x_wconf 93' lang='lat' dir='ltr'>Mol·</span> 
     </span>
    </p>

    <p class='ocr_par' dir='ltr' id='par_1_7' title="bbox 50 3293 1122 3370">
     <span class='ocr_line' id='line_1_39' title="bbox 50 3293 1122 3370; baseline -0.003 -17"><span class='ocrx_word' id='word_1_323' title='bbox 50 3349 62 3366; x_wconf 78' lang='grc'>,,</span> <span class='ocrx_word' id='word_1_324' title='bbox 116 3339 119 3355; x_wconf 88' lang='grc'>,</span> <span class='ocrx_word' id='word_1_325' title='bbox 168 3297 282 3354; x_wconf 78' lang='lat' dir='ltr'>“litent</span> <span class='ocrx_word' id='word_1_326' title='bbox 296 3295 379 3354; x_wconf 75' lang='lat' dir='ltr'>mode</span> <span class='ocrx_word' id='word_1_327' title='bbox 393 3296 465 3365; x_wconf 85' lang='lat' dir='ltr'>iras3</span> <span class='ocrx_word' id='word_1_328' title='bbox 487 3307 523 3367; x_wconf 85' lang='lat' dir='ltr'>et,</span> <span class='ocrx_word' id='word_1_329' title='bbox 538 3297 639 3370; x_wconf 87' lang='lat' dir='ltr'>quibus</span> <span class='ocrx_word' id='word_1_330' title='bbox 655 3297 711 3352; x_wconf 88' lang='lat' dir='ltr'>fors</span> <span class='ocrx_word' id='word_1_331' title='bbox 731 3305 849 3370; x_wconf 78' lang='lat' dir='ltr'>corpora</span> <span class='ocrx_word' id='word_1_332' title='bbox 868 3293 1002 3360; x_wconf 87' lang='lat' dir='ltr'>dedisset,</span> <span class='ocrx_word' id='word_1_333' title='bbox 1021 3294 1122 3350; x_wconf 88' lang='lat' dir='ltr'>darent</span> 
     </span>
    </p>

    <p class='ocr_par' dir='ltr' id='par_1_8' title="bbox 20 3369 1122 3450">
     <span class='ocr_line' id='line_1_40' title="bbox 20 3369 1122 3450; baseline -0.002 -20"><span class='ocrx_word' id='word_1_334' title='bbox 20 3376 59 3408; x_wconf 83' lang='lat'><strong><em>¹</em></strong></span> <span class='ocrx_word' id='word_1_335' title='bbox 82 3407 85 3414; x_wconf 88' lang='lat'>·</span> <span class='ocrx_word' id='word_1_336' title='bbox 99 3369 186 3418; x_wconf 57' lang='lat' dir='ltr'>‘W‘</span> <span class='ocrx_word' id='word_1_337' title='bbox 198 3374 316 3432; x_wconf 87' lang='lat' dir='ltr'>animos.</span> <span class='ocrx_word' id='word_1_338' title='bbox 358 3375 440 3449; x_wconf 84' lang='lat' dir='ltr'>Saepe</span> <span class='ocrx_word' id='word_1_339' title='bbox 453 3393 489 3430; x_wconf 88' lang='lat' dir='ltr'>ex</span> <span class='ocrx_word' id='word_1_340' title='bbox 503 3373 606 3450; x_wconf 69' lang='lat' dir='ltr'>injuriat</span> <span class='ocrx_word' id='word_1_341' title='bbox 619 3374 798 3448; x_wconf 90' lang='lat' dir='ltr'>postmodum</span> <span class='ocrx_word' id='word_1_342' title='bbox 811 3372 930 3448; x_wconf 86' lang='lat' dir='ltr'>gratiam</span> <span class='ocrx_word' id='word_1_343' title='bbox 943 3382 1033 3427; x_wconf 90' lang='lat' dir='ltr'>ortam</span> <span class='ocrx_word' id='word_1_344' title='bbox 1046 3391 1053 3428; x_wconf 76' lang='grc' dir='ltr'>ι</span> <span class='ocrx_word' id='word_1_345' title='bbox 1074 3371 1122 3428; x_wconf 83' lang='lat' dir='ltr'>eb-</span> 
     </span>
    </p>

    <p class='ocr_par' dir='ltr' id='par_1_9' title="bbox 24 3446 1157 3604">
     <span class='ocr_line' id='line_1_41' title="bbox 24 3446 1121 3526; baseline -0.003 -18"><span class='ocrx_word' id='word_1_346' title='bbox 24 3446 34 3492; x_wconf 70' lang='lat' dir='ltr'><strong><em>s</em></strong></span> <span class='ocrx_word' id='word_1_347' title='bbox 40 3449 45 3469; x_wconf 81' lang='lat'><em>¹</em></span> <span class='ocrx_word' id='word_1_348' title='bbox 167 3462 186 3488; x_wconf 78' lang='lat'>‘⁶</span> <span class='ocrx_word' id='word_1_349' title='bbox 197 3471 252 3526; x_wconf 92' lang='lat' dir='ltr'>que</span> <span class='ocrx_word' id='word_1_350' title='bbox 265 3451 428 3508; x_wconf 87' lang='lat' dir='ltr'>melioribus</span> <span class='ocrx_word' id='word_1_351' title='bbox 441 3469 540 3508; x_wconf 88' lang='lat' dir='ltr'>usuras</span> <span class='ocrx_word' id='word_1_352' title='bbox 555 3451 628 3521; x_wconf 86' lang='lat' dir='ltr'>viris,</span> <span class='ocrx_word' id='word_1_353' title='bbox 642 3451 718 3526; x_wconf 84' lang='lat' dir='ltr'>qudd</span> <span class='ocrx_word' id='word_1_354' title='bbox 734 3451 884 3508; x_wconf 88' lang='lat' dir='ltr'>adnisurus</span> <span class='ocrx_word' id='word_1_355' title='bbox 897 3467 947 3524; x_wconf 89' lang='lat' dir='ltr'>pro</span> <span class='ocrx_word' id='word_1_356' title='bbox 960 3466 990 3503; x_wconf 88' lang='lat' dir='ltr'>se</span> <span class='ocrx_word' id='word_1_357' title='bbox 1003 3449 1121 3523; x_wconf 86' lang='lat' dir='ltr'>quisque</span> 
     </span>
     <span class='ocr_line' id='line_1_42' title="bbox 167 3527 1157 3604; baseline -0.003 -17"><span class='ocrx_word' id='word_1_358' title='bbox 167 3540 186 3567; x_wconf 89' lang='lat'><strong>“</strong></span> <span class='ocrx_word' id='word_1_359' title='bbox 198 3531 242 3600; x_wconf 94' lang='lat' dir='ltr'>sit,</span> <span class='ocrx_word' id='word_1_360' title='bbox 252 3541 291 3600; x_wconf 90' lang='lat' dir='ltr'>ut,</span> <span class='ocrx_word' id='word_1_361' title='bbox 301 3549 387 3604; x_wconf 93' lang='lat' dir='ltr'>quum</span> <span class='ocrx_word' id='word_1_362' title='bbox 401 3548 481 3586; x_wconf 88' lang='lat' dir='ltr'>suam</span> <span class='ocrx_word' id='word_1_363' title='bbox 490 3530 580 3586; x_wconf 84' lang='lat' dir='ltr'>ricem</span> <span class='ocrx_word' id='word_1_364' title='bbox 593 3529 707 3586; x_wconf 81' lang='lat' dir='ltr'>functus</span> <span class='ocrx_word' id='word_1_365' title='bbox 717 3529 811 3586; x_wconf 87' lang='lat' dir='ltr'>officio</span> <span class='ocrx_word' id='word_1_366' title='bbox 822 3528 867 3594; x_wconf 87' lang='lat' dir='ltr'>sit,</span> <span class='ocrx_word' id='word_1_367' title='bbox 876 3527 1023 3602; x_wconf 81' lang='lat' dir='ltr'>parentum</span> <span class='ocrx_word' id='word_1_368' title='bbox 1035 3527 1121 3584; x_wconf 87' lang='lat' dir='ltr'>etiam</span> <span class='ocrx_word' id='word_1_369' title='bbox 1130 3547 1157 3588; x_wconf 83' lang='lat' dir='ltr'>to</span> 
     </span>
    </p>
   </div>
   <div class='ocr_carea' id='block_1_4' title="bbox 1194 713 1237 762">
    <p class='ocr_par' dir='ltr' id='par_1_10' title="bbox 1194 713 1237 762">
     <span class='ocr_line' id='line_1_43' title="bbox 1194 713 1237 762; baseline 0 -4"><span class='ocrx_word' id='word_1_370' title='bbox 1194 713 1218 762; x_wconf 59' lang='lat' dir='ltr'>A·</span> <span class='ocrx_word' id='word_1_371' title='bbox 1230 731 1237 758; x_wconf 84' lang='grc' dir='ltr'>ι</span> 
     </span>
    </p>
   </div>
   <div class='ocr_carea' id='block_1_5' title="bbox 109 3603 1122 3852">
    <p class='ocr_par' dir='ltr' id='par_1_11' title="bbox 109 3603 1122 3852">
     <span class='ocr_line' id='line_1_44' title="bbox 109 3603 1122 3684; baseline -0.004 -19"><span class='ocrx_word' id='word_1_372' title='bbox 109 3647 111 3651; x_wconf 91' lang='lat'><em>-</em></span> <span class='ocrx_word' id='word_1_373' title='bbox 167 3609 350 3684; x_wconf 72' lang='lat' dir='ltr'>“patriaeque</span> <span class='ocrx_word' id='word_1_374' title='bbox 371 3607 482 3682; x_wconf 86' lang='lat' dir='ltr'>expleat</span> <span class='ocrx_word' id='word_1_375' title='bbox 508 3607 709 3664; x_wconf 86' lang='lat' dir='ltr'>desiderium.&#39;&#39;</span> <span class='ocrx_word' id='word_1_376' title='bbox 763 3606 952 3664; x_wconf 85' lang='lat' dir='ltr'>Accedebant</span> <span class='ocrx_word' id='word_1_377' title='bbox 978 3603 1122 3661; x_wconf 85' lang='lat' dir='ltr'>blanditiae</span> 
     </span>
     <span class='ocr_line' id='line_1_45' title="bbox 166 3683 1122 3762; baseline -0.002 -20"><span class='ocrx_word' id='word_1_378' title='bbox 166 3687 301 3758; x_wconf 90' lang='lat' dir='ltr'>virorum,</span> <span class='ocrx_word' id='word_1_379' title='bbox 318 3685 425 3744; x_wconf 89' lang='lat' dir='ltr'>factum</span> <span class='ocrx_word' id='word_1_380' title='bbox 445 3685 626 3762; x_wconf 83' lang='lat' dir='ltr'>purgantium</span> <span class='ocrx_word' id='word_1_381' title='bbox 647 3685 802 3760; x_wconf 87' lang='lat' dir='ltr'>cupiditate</span> <span class='ocrx_word' id='word_1_382' title='bbox 823 3694 906 3759; x_wconf 89' lang='lat' dir='ltr'>atque</span> <span class='ocrx_word' id='word_1_383' title='bbox 927 3683 1038 3752; x_wconf 78' lang='lat' dir='ltr'>amor‘e3</span> <span class='ocrx_word' id='word_1_384' title='bbox 1059 3701 1122 3756; x_wconf 78' lang='lat' dir='ltr'>quae</span> 
     </span>
     <span class='ocr_line' id='line_1_46' title="bbox 164 3763 998 3852; baseline -0.007 -30"><span class='ocrx_word' id='word_1_385' title='bbox 164 3763 289 3822; x_wconf 74' lang='lat' dir='ltr'>maxime</span> <span class='ocrx_word' id='word_1_386' title='bbox 304 3763 339 3852; x_wconf 72' lang='lat' dir='ltr'>ad</span> <span class='ocrx_word' id='word_1_387' title='bbox 353 3764 490 3822; x_wconf 87' lang='lat' dir='ltr'>muliebre</span> <span class='ocrx_word' id='word_1_388' title='bbox 505 3763 651 3840; x_wconf 89' lang='lat' dir='ltr'>ingenium</span> <span class='ocrx_word' id='word_1_389' title='bbox 665 3763 797 3834; x_wconf 78' lang='lat' dir='ltr'>efficaces</span> <span class='ocrx_word' id='word_1_390' title='bbox 810 3781 910 3838; x_wconf 87' lang='lat' dir='ltr'>preces</span> <span class='ocrx_word' id='word_1_391' title='bbox 924 3771 998 3816; x_wconf 87' lang='lat' dir='ltr'>sunt.</span> 
     </span>
    </p>
   </div>
   <div class='ocr_carea' id='block_1_6' title="bbox 0 0 1320 4224">
    <p class='ocr_par' dir='ltr' id='par_1_12' title="bbox 0 0 1320 4224">
     <span class='ocr_line' id='line_1_47' title="bbox 0 0 1320 4224; baseline 0 3"><span class='ocrx_word' id='word_1_392' title='bbox 0 0 1320 4224; x_wconf 95' lang='lat' dir='ltr'> </span> 
     </span>
    </p>
   </div>
  </div>
 </body>
</html>
