2620 4220
143 315 205 377 ΜΒ
547 314 617 366 ΤΙΤΙ
633 313 718 366 ntvtl
738 339 742 344 ·

145 461 233 514 “tum
247 457 302 516 vim
324 455 458 516 Fortunat
479 455 658 534 Martemque
678 457 746 516 belli
766 475 959 531 communem,
979 475 1108 536 propone

61 567 67 580 ι
144 536 275 594 “animo
316 535 464 610 Utrimque
485 534 600 603 serrum,
621 555 739 612 corpora
759 537 884 594 bumana
904 548 1008 594 erunt:
1038 555 1108 597 nus

144 620 256 686 “qnam
280 611 374 670 mimis
396 612 482 688 qudm
509 614 538 670 in
560 615 643 687 bello,
665 625 784 672 eventus
803 613 984 690 respondent.
1036 615 1107 672 Non

143 697 162 730 ‘⁴
171 700 282 747 tantum
295 692 331 748 ad
346 691 385 758 id,
406 693 481 766 quod
495 691 562 748 data
575 709 646 767 paee
658 692 717 768 jam
736 693 841 750 habere
855 704 944 768 potes,
969 692 992 748 ei
1006 693 1108 766 proelio

142 773 161 807 ‘⁴
170 767 278 841 vincas,
292 769 389 844 gloriae
404 769 552 846 adjeceris,
567 781 704 844 quantum
716 771 866 836 ademeris,
880 770 904 827 si
915 770 984 844 quid
995 771 1106 828 adversi
1128 783 1142 822 ⁵

142 852 161 885 “
170 845 292 903 eveniat.
315 847 406 904 Simul
421 857 501 922 parta
514 866 548 904 ac
562 859 673 922 sperata
687 849 792 906 deeora
806 849 891 906 unius
902 848 978 906 horae
993 848 1117 905 fortuna-

142 929 161 963 ⁸⁶
171 933 298 982 evertere
312 936 411 1000 potest.
453 925 561 982 Omnia
575 927 688 1002 inpace
708 927 856 1002 jungenda
880 937 936 984 tuoe
960 927 1107 1001 potestatis

142 1007 160 1040 ‘⁸
170 1011 246 1074 sunt,
261 1002 292 1058 P.
308 1002 440 1061 Corneli:
471 1014 540 1060 tunc
553 1022 588 1060 es
603 1004 735 1062 habenda
748 1005 860 1062 fortuna
880 1004 944 1080 erit,
956 1023 1041 1078 quam
1055 1004 1106 1060 Dii

141 1085 161 1117 ‘⁸
172 1079 312 1148 dederint.
367 1079 447 1137 Inter
480 1099 573 1156 pauca
598 1081 742 1140 felicitatis
774 1082 940 1156 virtutisque
973 1081 1108 1156 exempla

142 1163 161 1195 ‘⁶
171 1156 214 1213 M.
229 1158 336 1214 Atilius
355 1159 499 1233 quondam
520 1158 550 1215 in
572 1159 625 1216 bac
645 1161 746 1217 aldem
760 1162 833 1218 terra
848 1160 957 1227 suisset,
979 1159 1003 1216 si
1017 1159 1106 1216 victor
1118 1175 1143 1214 ro

141 1239 270 1308 “pacem
289 1236 454 1310 petentibus
465 1236 590 1293 dedisset
600 1238 727 1312 patribus
738 1238 840 1296 nostris
853 1257 859 1294 :
887 1237 1108 1296 nonstatuendc

142 1313 286 1370 “tandem
302 1313 429 1371 felicitati
444 1315 567 1384 modum,
587 1333 642 1372 uec
655 1316 817 1372 cohibendo
830 1315 994 1374 efferentem
1009 1333 1039 1371 se
1054 1315 1119 1372 lor--

141 1397 160 1429 “
169 1398 279 1464 tunam,
299 1391 404 1467 quantd
425 1391 507 1450 altitis
527 1393 618 1450 elatus
637 1404 708 1466 erat,
728 1391 762 1450 eb
777 1392 878 1451 foedids
898 1393 1012 1450 corruit.
1053 1392 1108 1449 Est

142 1468 287 1543 “quidem
315 1471 386 1546 ejus,
407 1471 455 1545 qui
483 1471 541 1538 dat,
563 1489 620 1528 nou
641 1471 688 1545 qui
710 1471 789 1546 petit,
811 1471 989 1528 conditiones
1009 1471 1107 1528 dicere

141 1547 268 1620 “pacis:
289 1549 339 1604 sed
355 1548 471 1606 forsitan
485 1567 543 1606 non
562 1549 672 1624 indigni
697 1549 799 1621 simus,
816 1545 868 1624 'qui
890 1549 1031 1606 nobismet
1052 1548 1106 1623 ipsi
1118 1566 1143 1605 rs

140 1624 286 1681 “multam
302 1625 467 1701 irrogemus.
509 1626 576 1687 Non
591 1646 766 1694 recusamus,
781 1627 849 1701 quin
867 1627 972 1696 omnia,
993 1637 1108 1701 propter

141 1707 232 1776 “qua
246 1703 351 1762 bellum
367 1704 468 1762 initum
482 1715 534 1774 est,
551 1715 642 1762 vestra
655 1705 722 1772 sint,
746 1705 856 1776 Sicilia,
881 1705 1022 1774 Sardinia,
1038 1704 1108 1762 His·
1165 1707 1167 1714 ’

141 1779 263 1855 “pania,
278 1781 414 1856 quidquid
437 1781 594 1839 insularum
615 1793 675 1840 toto
688 1783 766 1842 inter
787 1783 916 1839 Africam
938 1782 1123 1858 Italiamque·

142 1859 333 1917 “continetur
358 1860 437 1917 mari.
489 1860 753 1937 Carthaginienses,
774 1861 883 1918 inclusi·
900 1861 1007 1918 Africus
1021 1860 1118 1917 litori·

141 1935 234 2010 “bus,
263 1955 310 1994 vos
338 1937 465 2013 (quando
486 1938 525 1996 ita
545 1939 609 1996 Diis
628 1939 751 2016 placuit)
783 1933 904 1996 'externa
923 1938 1009 1996 etiam
1030 1938 1144 1996 terram
1199 1991 1204 2001 .

142 2016 298 2090 “marique
325 2018 471 2074 videamus
492 2028 624 2093 ragentes
644 2017 771 2092 imperia.
823 2015 1106 2091 Haud-negaverim,

142 2099 283 2169 “propter
303 2115 361 2152 non
382 2096 468 2152 nimis
482 2095 594 2152 sincere
608 2095 724 2170 petitam
746 2105 795 2152 aut
808 2105 1001 2169 exspectatam
1015 2111 1109 2168 nuper

141 2179 281 2246 “pacem,
308 2183 469 2249 suspectant
493 2192 556 2242 esse
576 2174 656 2231 vobis
677 2173 815 2234 Punicam
836 2173 941 2229 fidem:
976 2171 1106 2240 multum,

142 2257 219 2324 “per
233 2269 303 2324 quos
315 2253 403 2326 petita
416 2253 461 2321 sit,
476 2252 512 2308 ad
527 2251 620 2313 'fidem
633 2252 748 2310 tueudae
761 2252 840 2327 pacis
850 2251 982 2326 pertinet,
996 2249 1105 2326 Scipio.

141 2327 264 2384 “Vestri
285 2347 395 2402 quoque
420 2328 465 2404 (ut
486 2330 581 2404 audio)
600 2331 702 2387 Patres
722 2329 852 2387 nonnihil
872 2329 959 2386 etiam
979 2329 1017 2386 ob
1038 2329 1143 2396 homae

142 2405 234 2478 “quia
249 2425 347 2479 parum
361 2404 507 2482 dignitatis
521 2406 550 2462 in
562 2407 704 2483 legatione
718 2418 787 2476 erat,
803 2409 979 2483 negaverunt
992 2425 1105 2482 pacem.

143 2483 317 2540 “Hannibal
338 2494 403 2558 peto
424 2503 541 2559 pacem;
575 2485 623 2560 qui
650 2505 744 2560 neque
772 2496 907 2560 peterem,
921 2484 984 2542 nisi
1006 2484 1106 2541 utilem

72 2603 74 2608 .
142 2567 161 2600 “
171 2561 337 2619 crederem:
372 2572 401 2619 et
426 2573 539 2638 propter
569 2564 701 2621 eamdem
729 2564 878 2620 utilitatem
909 2563 1009 2620 tuebor
1029 2581 1105 2630 eam,

143 2645 282 2716 “propter
296 2659 381 2716 quam
395 2640 480 2717 petii:
514 2651 552 2710 et,
567 2642 815 2716 quemadmodum,
830 2641 897 2716 quia
910 2660 926 2698 a
940 2659 985 2698 me
999 2640 1106 2696 bellum

142 2724 162 2756 ‘⁶
172 2730 297 2794 coeptum
311 2731 363 2790 est,
388 2738 425 2776 ne
438 2737 522 2794 quem
536 2719 598 2795 ejus
611 2720 771 2795 poeniteret,
789 2719 887 2794 ¹quoad
901 2719 955 2794 ipsi
976 2718 1142 2776 inviderem

142 2795 236 2864 “Dei,
261 2799 397 2872 praestiti3
429 2797 468 2854 ita
481 2797 602 2865 annitar,
624 2816 759 2873 nequem
783 2796 862 2873 pacis
882 2815 933 2872 per
953 2815 999 2854 me
1019 2801 1107 2872 parta

142 2875 336 2950 “peniteat”

181 3027 299 3090 XXXE
335 3033 480 3090 Adversus
494 3033 557 3090 haec
571 3032 722 3108 imperator
735 3033 887 3091 &manus
908 3031 938 3090 in
953 3031 1029 3088 hanc
1048 3029 1107 3090 ferd

143 3109 313 3166 sententiam
328 3112 480 3186 respondit.
522 3119 541 3150 ‘⁶
551 3111 618 3168 Non
634 3129 679 3169 me
694 3111 816 3182 fallebat,
832 3109 988 3179 Hannibal,
1003 3109 1109 3168 adven·
1125 3162 1128 3164 .

143 3184 220 3242 “tiis
250 3185 291 3242 tui
322 3205 371 3260 spe
400 3189 652 3266 Carthaginienses
680 3200 708 3247 et
735 3199 905 3266 praesentsm
926 3186 1144 3246 induciarumaa

144 3263 267 3333 undem,
281 3273 310 3320 et
324 3283 403 3340 spem
416 3267 495 3340 pacis
508 3268 657 3325 turbasse:
688 3285 781 3342 neque
802 3277 833 3324 tu
848 3266 877 3323 id
890 3267 961 3322 sane
976 3263 1109 3322 dissimu-

144 3341 222 3411 “las,
237 3341 284 3416 qui
299 3342 335 3398 de
349 3344 561 3404 conditionibus
574 3346 766 3420 superioribus
786 3345 867 3420 pacis
889 3343 987 3402 omnia
998 3343 1110 3400 subtra-

144 3423 165 3457 “
174 3419 235 3486 bas,
250 3431 351 3494 praeter
362 3439 404 3490 ea,
426 3439 489 3495 que
506 3423 566 3498 jam
586 3423 696 3498 pridem
717 3424 747 3480 in
768 3422 866 3480 nostrai
878 3431 1019 3497 potestate
1032 3429 1108 3476 sunt.

145 3495 329 3570 “Caeterbm,
344 3498 484 3556 sicuttibi
507 3519 583 3558 curae
607 3512 660 3574 est,
682 3501 795 3558 sentire·
809 3501 890 3558 cives.
907 3509 983 3571 tuos,
1003 3507 1111 3573 quanto

145 3581 223 3652 “per
243 3585 271 3634 te
291 3595 378 3634 onere
398 3577 545 3647 leventur;
567 3579 610 3634 sic
623 3580 693 3636 mihi
714 3579 901 3636 laborandum
916 3589 970 3650 est,
985 3593 1146 3650 ne„quaetn

145 3659 244 3710 “tunc
257 3654 435 3730 pepigerunt,
451 3655 534 3712 hodie
559 3657 703 3713 subtracta
726 3676 762 3715 ex
786 3656 1000 3720 conditionibus
1020 3653 1110 3730 pacis,
1186 3681 1192 3687 s

146 3733 290 3804 “praemia
302 3732 428 3808 perfidia
449 3733 581 3790 habeant.
619 3733 750 3810 indigni,
769 3735 872 3809 quibus
892 3734 995 3792 eadent
1015 3741 1112 3808 pateat
1145 3797 1152 3804 ·
