2632 4224
571 349 676 400 LIBER
692 350 712 398 1.
734 363 796 399 aar.
808 363 844 398 iv.
1166 350 1186 408 7
1228 423 1234 434 .

191 557 193 565 1
227 494 342 553 Creusa
362 503 452 550 matre
473 491 526 550 Ilio
546 489 682 548 incolumi
703 503 796 558 natus,
810 505 962 564 comesque
980 487 1048 546 inde
1060 497 1185 564 patema

227 573 315 648 lugae,
324 590 408 647 quem
423 570 516 628 lulum
531 569 663 626 eumdem
678 569 755 626 Julia
768 587 839 644 gens
852 577 997 624 auctorem
1008 565 1131 623 nominis
1141 565 1186 624 sui

226 660 387 726 nuncupat.
429 648 458 704 Is
480 647 634 712 Ascanius,
653 646 826 720 ubicumque
847 655 876 702 et
895 643 1074 718 qudcumque
1096 654 1185 700 matre

228 727 345 803 genitus
367 725 458 802 (certe
482 734 580 782 natum
604 724 700 780 AEned
727 724 862 800 constat),
883 721 1045 778 abundante
1073 721 1185 778 Lauinii

207 804 421 872 amultitudine,
437 803 583 860 florentem
599 801 657 876 jam
673 800 718 876 (ut
731 811 791 857 tum
807 800 958 877 reserant)
973 799 1186 874 atqueopulen-

229 891 286 938 tam
301 881 401 938 urbem
423 879 515 946 matri,
530 897 580 935 seu
602 897 742 948 noverca,
756 877 885 952 reliquit:
906 895 1006 934 noram
1027 877 1087 952 ipso
1101 875 1185 934 aliam

230 959 283 1016 sub
293 959 413 1015 Albano
427 967 522 1014 monte
536 956 682 1023 condidit;
703 975 776 1030 quae,
790 955 826 1011 ab
839 955 895 1011 situ
910 965 1046 1029 porrectus
1060 955 1089 1011 in
1103 955 1186 1012 dorso

226 1037 316 1105 urbis,
341 1036 441 1110 Longa
460 1035 538 1090 Alba
558 1033 705 1108 appellata.
755 1033 833 1090 luter
860 1031 1011 1088 Lavinium
1032 1041 1062 1088 et
1081 1031 1185 1088 Albam

228 1113 358 1187 Longam
373 1112 512 1170 coloniam
528 1112 680 1168 deductam
695 1110 810 1186 triginta
823 1109 911 1166 ferme
926 1107 1080 1166 interfuere
1098 1110 1185 1166 anni:

197 1207 221 1245 ιο
230 1191 342 1248 tantum
357 1201 452 1246 tamen
472 1205 540 1264 opes
560 1199 717 1254 creverant,
732 1187 853 1244 maxime
869 1187 938 1244 susis
952 1185 1089 1258 Etruscis,
1103 1197 1135 1244 ut
1149 1206 1185 1244 ne

174 1295 176 1298 ·
230 1279 320 1324 morte
334 1267 447 1341 quidem
470 1267 581 1338 AEneae,
596 1284 651 1322 neo
664 1266 769 1322 deinde
790 1265 862 1322 inter
882 1262 1049 1322 muliebrem
1068 1265 1185 1322 tutelam

228 1346 476 1418 rudimentumque
496 1343 619 1418 primum
639 1343 755 1418 puerilis
782 1343 872 1418 regni,
895 1354 1006 1399 movere
1035 1361 1113 1398 arma
1136 1357 1185 1400 aut

229 1421 394 1480 Mezentius
414 1421 595 1494 Etruscique,
610 1433 659 1476 aut
672 1421 721 1476 ulli
743 1420 790 1476 alii
811 1418 916 1478 aocdlae
937 1420 998 1478 ausi
1018 1421 1084 1477 sint.
1125 1420 1185 1478 Pax

229 1500 268 1556 ita
281 1509 462 1565 convenerat,
477 1509 509 1555 ut
522 1498 652 1555 Etruscis
672 1497 837 1572 Latinisque
852 1497 953 1555 fluvius
967 1497 1072 1554 Albula
1087 1495 1184 1574 (quem

196 1593 221 1632 15
230 1595 308 1634 nuno
332 1577 461 1633 Tiberim
485 1577 600 1653 vocant)
616 1575 680 1632 finis
701 1587 783 1632 esset.
826 1575 930 1634 Silvius
951 1575 1055 1632 deinde
1074 1589 1184 1652 regnat,

228 1655 349 1711 Ascanii
364 1654 447 1723 filius,
462 1673 530 1710 casu
545 1654 673 1727 quodam
689 1653 718 1710 in
732 1653 809 1710 silvis
823 1664 915 1710 natus.
957 1652 986 1709 Is
1001 1653 1114 1710 AEnean
1131 1655 1185 1710 Sil·

228 1732 304 1788 vium
325 1743 426 1793 creat:¹
443 1732 467 1788 is
486 1732 589 1788 deinde
611 1731 745 1788 Latinum
768 1731 896 1788 Silvium.
939 1731 986 1787 Ab
1010 1749 1045 1788 eo
1065 1732 1184 1788 colouiae

228 1809 332 1883 aliquot
359 1811 499 1879 deductae,
528 1809 619 1866 Prisci
642 1809 737 1866 Latini
766 1809 905 1884 appellati.
952 1808 1060 1866 Mansit
1088 1810 1184 1866 Silviis¹

227 1897 330 1960 postea·
345 1887 477 1943 omnibus
501 1906 670 1962 cognomen,
692 1887 740 1960 qui
762 1888 844 1944 Albae
865 1887 1029 1962 regndrunt.
1081 1885 1184 1944 Latino

193 1977 219 2017 ao
229 1965 303 2020 Alba
316 1975 402 2035 ortus,
418 1965 494 2021 Albt
508 1966 590 2038 Atys,
605 1966 680 2038 Atye
695 1965 798 2039 Capys,
813 1964 910 2040 Capye
924 1965 1060 2040 Capetus,
1075 1964 1184 2040 Capeto

228 2041 400 2111 Tiberinum
421 2042 478 2116 qui,
494 2043 523 2100 in
544 2042 663 2117 trajectu
680 2041 791 2099 Albulae
813 2043 904 2100 amnis
924 2042 1095 2112 submersus,
1110 2043 1183 2099 oola·

227 2119 277 2175 bre
291 2120 326 2175 ad
340 2131 466 2194 posteros
480 2139 584 2176 nomen
599 2119 708 2176 flumini
723 2121 809 2176 dedit.
850 2121 979 2196 Agrippa
999 2120 1075 2190 inde,
1094 2121 1184 2178 Tibe·

226 2196 282 2253 rini
297 2197 388 2265 filius3
409 2207 471 2272 post
485 2198 642 2272 Agrippam
656 2197 798 2254 Romulus
812 2198 927 2265 Silvius,
942 2217 959 2254 a
971 2209 1050 2272 patre
1064 2211 1183 2273 accepto

228 2273 355 2348 imperio,
370 2285 478 2350 regnat.
520 2275 673 2342 Aventino,
688 2275 806 2332 fulmine
820 2275 881 2350 ipse
902 2275 985 2346 ictus,
999 2295 1119 2351 regnum
1133 2295 1182 2352 per

103 2389 109 2394 -
193 2363 329 2412 asmanus
342 2353 475 2410 tradidit:
496 2352 528 2422 is,
544 2353 670 2427 sepultus
689 2353 719 2410 in
740 2373 775 2410 eo
795 2353 877 2425 colle,
891 2353 939 2426 qui
953 2371 1032 2410 nuno
1052 2365 1096 2411 est
1118 2373 1182 2429 pars

226 2427 367 2484 Romanae
389 2430 475 2501 urbis,
496 2449 654 2505 cognomen
677 2431 742 2488 colli
764 2431 840 2488 secit.
882 2431 972 2488 Proca
995 2431 1100 2488 deinde
1121 2452 1181 2508 reg·

225 2516 290 2563 nat:
322 2507 346 2563 is
367 2507 545 2564 Numitorem
567 2519 650 2581 atque
671 2509 819 2566 Amulium
839 2519 976 2584 procreat.
1025 2509 1180 2576 Numitori,

225 2583 273 2656 qui
297 2584 391 2659 stirpis
412 2585 550 2642 maximus
570 2597 639 2658 erat,
661 2605 780 2662 regnum
802 2597 944 2643 vetustum
966 2586 1061 2643 Silvia
1088 2589 1181 2662 gentis

226 2660 309 2734 legat.
360 2660 426 2718 Plds
446 2673 541 2719 tamen
562 2663 603 2720 vis
623 2665 722 2738 potuit,
747 2665 831 2739 qudm
860 2665 988 2721 voluntas
1015 2665 1112 2738 patris,
1133 2678 1181 2722 aut

192 2740 399 2796 maerecundia
427 2741 524 2796 aetatis.
573 2741 658 2814 Pulso
686 2743 780 2808 fratre,
802 2742 935 2798 Amulius
956 2753 1074 2817 regnat:
1103 2744 1181 2800 addit

227 2816 327 2873 sceleri
342 2817 451 2874 scelus:
473 2819 588 2892 stirpem
602 2819 694 2876 fratris
705 2820 813 2876 virilem
828 2819 980 2876 interimit:
1002 2819 1094 2877 sratris
1105 2819 1179 2886 filiae,

212 2893 317 2950 'Rbeae
339 2895 443 2962 Silviae,
465 2915 514 2970 per
535 2897 660 2970 speciem
690 2897 812 2964 honoris,
834 2917 919 2972 quum
948 2897 1093 2954 Vestalem
1116 2917 1179 2955 eam

225 2970 349 3045 legisset,
364 2975 500 3048 perpetual
514 2975 672 3050 virginitate
687 2994 766 3050 spem
780 2979 874 3050 partds
888 2974 995 3032 adimit.

119 3153 167 3206 Ν
273 3125 324 3183 IV.
357 3128 415 3186 Sed
436 3129 601 3201 debebatur,
623 3141 654 3188 ut
673 3131 782 3206 opinor,
804 3131 867 3189 satis
887 3141 973 3188 tantae
993 3129 1071 3208 origo
1091 3133 1178 3206 urbis,

190 3205 396 3280 asmaximique
410 3209 567 3264 secuudum
580 3208 706 3265 Deorum
717 3228 786 3283 opes
797 3209 906 3284 imperii
921 3210 1100 3285 principium.
1142 3213 1178 3270 Vi

224 3301 386 3358 compressa
406 3285 539 3357 VestaliS,
560 3305 646 3360 quum
668 3287 813 3361 geminum
832 3299 941 3363 parturn
964 3289 1108 3357 edidisset,
1127 3309 1178 3347 seu

208 3411 212 3423 ,
225 3360 265 3416 ita
278 3371 347 3432 rata,
360 3381 410 3418 seu
424 3363 490 3436 quia
504 3363 584 3420 Deus
598 3365 800 3440 auotor‘oulpae
815 3366 957 3423 honestior
971 3377 1040 3434 erut,
1056 3365 1178 3426 Martem

225 3437 340 3494 incertae
349 3439 442 3514 stirpis
450 3451 558 3514 patrem
573 3453 728 3516 nuncupat.
771 3444 828 3499 Sed
837 3461 891 3500 noc
906 3443 1028 3514 Dii,nec
1038 3446 1177 3516 homines
1201 3485 1208 3497 2

217 3519 273 3574 'aut
286 3515 375 3592 ipsam
390 3529 438 3574 aut
452 3520 568 3594 stirpem
583 3539 599 3576 a
613 3519 779 3577 crudelitate
801 3521 881 3596 regila
902 3521 1065 3581 vindicant:
1086 3541 1179 3581 saoer·

189 3613 214 3654 4ο
223 3593 273 3652 dos
287 3594 383 3651 vincta
396 3596 425 3652 in
440 3598 598 3654 custodiam
610 3598 706 3666 datum
721 3617 822 3672 pueros
836 3600 865 3655 in
877 3599 1062 3673 profluentem
1077 3621 1178 3675 aquam

223 3671 295 3729 mitti
319 3671 408 3747 jubet.
458 3674 543 3732 Forte
564 3676 687 3750 quddam
709 3676 843 3733 divinitus
862 3695 946 3750 super
967 3679 1041 3752 ripas
1062 3679 1178 3736 Tiberis

221 3748 327 3807 effusus
348 3750 460 3820 lenibus
480 3753 597 3828 stagnis,
619 3771 674 3809 neo
695 3754 765 3810 adiri
785 3771 902 3827 usquam
923 3756 957 3810 ad
976 3757 1177 3829 justi'cursum
