<?xml version="1.0" encoding="UTF-8"?>
<!DOCTYPE html PUBLIC "-//W3C//DTD XHTML 1.0 Transitional//EN"
    "http://www.w3.org/TR/xhtml1/DTD/xhtml1-transitional.dtd">
<html xmlns="http://www.w3.org/1999/xhtml" xml:lang="en" lang="en">
 <head>
  <title>
</title>
<meta http-equiv="Content-Type" content="text/html;charset=utf-8" />
  <meta name='ocr-system' content='tesseract 3.04.00' />
  <meta name='ocr-capabilities' content='ocr_page ocr_carea ocr_par ocr_line ocrx_word'/>
</head>
<body>
  <div class='ocr_page' id='page_1' title='image "./historiarumetse01livygoog_0196.png"; bbox 0 0 2630 4228; ppageno 0'>
   <div class='ocr_carea' id='block_1_1' title="bbox 499 337 1166 414">
    <p class='ocr_par' dir='ltr' id='par_1_1' title="bbox 499 337 1166 414">
     <span class='ocr_line' id='line_1_1' title="bbox 499 337 1166 414; baseline 0.001 -17"><span class='ocrx_word' id='word_1_1' title='bbox 499 349 603 398; x_wconf 78' lang='lat' dir='ltr'>arsen</span> <span class='ocrx_word' id='word_1_2' title='bbox 620 350 692 402; x_wconf 84' lang='lat' dir='ltr'><strong>xx1.</strong></span> <span class='ocrx_word' id='word_1_3' title='bbox 711 337 773 400; x_wconf 72' lang='lat' dir='ltr'>oni.</span> <span class='ocrx_word' id='word_1_4' title='bbox 784 364 826 399; x_wconf 73' lang='grc' dir='ltr'>ιι.</span> <span class='ocrx_word' id='word_1_5' title='bbox 1110 351 1166 414; x_wconf 75' lang='lat'>18³</span> 
     </span>
    </p>
   </div>
   <div class='ocr_carea' id='block_1_2' title="bbox 207 490 1166 644">
    <p class='ocr_par' dir='ltr' id='par_1_2' title="bbox 207 490 1166 644">
     <span class='ocr_line' id='line_1_2' title="bbox 207 490 1166 568; baseline 0.002 -19"><span class='ocrx_word' id='word_1_6' title='bbox 207 490 269 567; x_wconf 86' lang='lat' dir='ltr'>jugi</span> <span class='ocrx_word' id='word_1_7' title='bbox 282 491 354 568; x_wconf 83' lang='lat' dir='ltr'>ejus,</span> <span class='ocrx_word' id='word_1_8' title='bbox 368 491 474 549; x_wconf 78' lang='lat' dir='ltr'>ndrunt</span> <span class='ocrx_word' id='word_1_9' title='bbox 488 511 591 548; x_wconf 88' lang='lat' dir='ltr'>nornen</span> <span class='ocrx_word' id='word_1_10' title='bbox 605 493 744 561; x_wconf 83' lang='lat' dir='ltr'>inditum3</span> <span class='ocrx_word' id='word_1_11' title='bbox 765 492 815 548; x_wconf 89' lang='lat' dir='ltr'>sed</span> <span class='ocrx_word' id='word_1_12' title='bbox 829 492 865 548; x_wconf 90' lang='lat' dir='ltr'>ab</span> <span class='ocrx_word' id='word_1_13' title='bbox 879 511 923 558; x_wconf 90' lang='lat' dir='ltr'>eo,</span> <span class='ocrx_word' id='word_1_14' title='bbox 937 510 1031 566; x_wconf 92' lang='lat' dir='ltr'>quem,</span> <span class='ocrx_word' id='word_1_15' title='bbox 1048 491 1076 548; x_wconf 90' lang='lat' dir='ltr'>in</span> <span class='ocrx_word' id='word_1_16' title='bbox 1090 512 1166 551; x_wconf 91' lang='lat' dir='ltr'>sum·</span> 
     </span>
     <span class='ocr_line' id='line_1_3' title="bbox 210 568 999 644; baseline 0 -19"><span class='ocrx_word' id='word_1_17' title='bbox 210 587 257 625; x_wconf 92' lang='lat' dir='ltr'>mo</span> <span class='ocrx_word' id='word_1_18' title='bbox 268 580 410 628; x_wconf 87' lang='lat' dir='ltr'>sacratum</span> <span class='ocrx_word' id='word_1_19' title='bbox 424 568 538 636; x_wconf 84' lang='lat' dir='ltr'>vertice,</span> <span class='ocrx_word' id='word_1_20' title='bbox 555 570 695 626; x_wconf 89' lang='lat' dir='ltr'>Peninum</span> <span class='ocrx_word' id='word_1_21' title='bbox 709 570 836 627; x_wconf 89' lang='lat' dir='ltr'>montani</span> <span class='ocrx_word' id='word_1_22' title='bbox 850 570 999 644; x_wconf 90' lang='lat' dir='ltr'>appellant.</span> 
     </span>
    </p>
   </div>
   <div class='ocr_carea' id='block_1_3' title="bbox 174 723 1165 2735">
    <p class='ocr_par' dir='ltr' id='par_1_3' title="bbox 174 723 1165 2735">
     <span class='ocr_line' id='line_1_4' title="bbox 250 723 1164 800; baseline 0.001 -18"><span class='ocrx_word' id='word_1_23' title='bbox 250 725 398 782; x_wconf 88' lang='lat' dir='ltr'>XXXIX.</span> <span class='ocrx_word' id='word_1_24' title='bbox 432 723 643 799; x_wconf 72' lang='lat' dir='ltr'>Peropportune</span> <span class='ocrx_word' id='word_1_25' title='bbox 664 725 699 780; x_wconf 93' lang='lat' dir='ltr'>ad</span> <span class='ocrx_word' id='word_1_26' title='bbox 729 725 868 800; x_wconf 91' lang='lat' dir='ltr'>principia</span> <span class='ocrx_word' id='word_1_27' title='bbox 895 743 997 795; x_wconf 86' lang='lat' dir='ltr'>rerum,</span> <span class='ocrx_word' id='word_1_28' title='bbox 1018 725 1164 794; x_wconf 81' lang='lat' dir='ltr'>Taurinis,</span> 
     </span>
     <span class='ocr_line' id='line_1_5' title="bbox 210 801 1165 878; baseline 0.003 -20"><span class='ocrx_word' id='word_1_29' title='bbox 210 803 344 877; x_wconf 71' lang='lat' dir='ltr'>proxima</span> <span class='ocrx_word' id='word_1_30' title='bbox 357 803 445 878; x_wconf 85' lang='lat' dir='ltr'>genti,</span> <span class='ocrx_word' id='word_1_31' title='bbox 460 803 593 858; x_wconf 87' lang='lat' dir='ltr'>adversus</span> <span class='ocrx_word' id='word_1_32' title='bbox 607 801 742 878; x_wconf 77' lang='lat' dir='ltr'>Insubres</span> <span class='ocrx_word' id='word_1_33' title='bbox 756 813 862 858; x_wconf 88' lang='lat' dir='ltr'>motum</span> <span class='ocrx_word' id='word_1_34' title='bbox 885 801 988 858; x_wconf 91' lang='lat' dir='ltr'>bellum</span> <span class='ocrx_word' id='word_1_35' title='bbox 1002 813 1062 859; x_wconf 91' lang='lat' dir='ltr'>erat</span> <span class='ocrx_word' id='word_1_36' title='bbox 1074 822 1080 859; x_wconf 94' lang='lat'><strong>:</strong></span> <span class='ocrx_word' id='word_1_37' title='bbox 1114 805 1165 861; x_wconf 89' lang='lat' dir='ltr'>sed</span> 
     </span>
     <span class='ocr_line' id='line_1_6' title="bbox 189 879 1163 953; baseline 0.003 -18"><span class='ocrx_word' id='word_1_38' title='bbox 189 899 319 944; x_wconf 65' lang='lat' dir='ltr'>sarmare</span> <span class='ocrx_word' id='word_1_39' title='bbox 339 880 494 936; x_wconf 87' lang='lat' dir='ltr'>exercitum</span> <span class='ocrx_word' id='word_1_40' title='bbox 517 879 671 948; x_wconf 84' lang='lat' dir='ltr'>Hannibal,</span> <span class='ocrx_word' id='word_1_41' title='bbox 696 889 727 935; x_wconf 92' lang='lat' dir='ltr'>ut</span> <span class='ocrx_word' id='word_1_42' title='bbox 747 880 817 953; x_wconf 90' lang='lat' dir='ltr'>parti</span> <span class='ocrx_word' id='word_1_43' title='bbox 849 879 928 935; x_wconf 89' lang='lat' dir='ltr'>alteri</span> <span class='ocrx_word' id='word_1_44' title='bbox 955 880 1059 936; x_wconf 86' lang='lat' dir='ltr'>auxilio</span> <span class='ocrx_word' id='word_1_45' title='bbox 1079 893 1163 950; x_wconf 85' lang='lat' dir='ltr'>esset,</span> 
     </span>
     <span class='ocr_line' id='line_1_7' title="bbox 212 955 1164 1036; baseline 0.004 -24"><span class='ocrx_word' id='word_1_46' title='bbox 212 955 255 1032; x_wconf 89' lang='lat' dir='ltr'>(in</span> <span class='ocrx_word' id='word_1_47' title='bbox 269 958 424 1014; x_wconf 88' lang='lat' dir='ltr'>reficiendo</span> <span class='ocrx_word' id='word_1_48' title='bbox 436 956 555 1012; x_wconf 72' lang='lat' dir='ltr'>maxime</span> <span class='ocrx_word' id='word_1_49' title='bbox 570 957 737 1012; x_wconf 84' lang='lat' dir='ltr'>sentientem</span> <span class='ocrx_word' id='word_1_50' title='bbox 759 967 906 1014; x_wconf 88' lang='lat' dir='ltr'>contracta</span> <span class='ocrx_word' id='word_1_51' title='bbox 918 957 983 1012; x_wconf 70' lang='lat' dir='ltr'>ante</span> <span class='ocrx_word' id='word_1_52' title='bbox 999 957 1085 1036; x_wconf 89' lang='lat' dir='ltr'>mala)</span> <span class='ocrx_word' id='word_1_53' title='bbox 1107 978 1164 1016; x_wconf 92' lang='lat' dir='ltr'>non</span> 
     </span>
     <span class='ocr_line' id='line_1_8' title="bbox 210 1033 1165 1108; baseline 0.003 -18"><span class='ocrx_word' id='word_1_54' title='bbox 210 1045 337 1108; x_wconf 90' lang='lat' dir='ltr'>poterat:</span> <span class='ocrx_word' id='word_1_55' title='bbox 357 1035 445 1092; x_wconf 90' lang='lat' dir='ltr'>otium</span> <span class='ocrx_word' id='word_1_56' title='bbox 460 1033 566 1090; x_wconf 84' lang='lat' dir='ltr'>etenim</span> <span class='ocrx_word' id='word_1_57' title='bbox 580 1051 615 1090; x_wconf 83' lang='lat' dir='ltr'>ex</span> <span class='ocrx_word' id='word_1_58' title='bbox 628 1034 733 1100; x_wconf 90' lang='lat' dir='ltr'>labore,</span> <span class='ocrx_word' id='word_1_59' title='bbox 748 1034 830 1108; x_wconf 89' lang='lat' dir='ltr'>eopia</span> <span class='ocrx_word' id='word_1_60' title='bbox 842 1053 878 1090; x_wconf 90' lang='lat' dir='ltr'>ex</span> <span class='ocrx_word' id='word_1_61' title='bbox 898 1034 1003 1108; x_wconf 80' lang='lat' dir='ltr'>inopirl,</span> <span class='ocrx_word' id='word_1_62' title='bbox 1018 1035 1111 1092; x_wconf 91' lang='lat' dir='ltr'>cultus</span> <span class='ocrx_word' id='word_1_63' title='bbox 1129 1055 1165 1093; x_wconf 89' lang='lat' dir='ltr'>ex</span> 
     </span>
     <span class='ocr_line' id='line_1_9' title="bbox 211 1109 1165 1186; baseline 0.003 -19"><span class='ocrx_word' id='word_1_64' title='bbox 211 1111 304 1168; x_wconf 88' lang='lat' dir='ltr'>illuvie</span> <span class='ocrx_word' id='word_1_65' title='bbox 319 1113 449 1186; x_wconf 84' lang='lat' dir='ltr'>tabeque,</span> <span class='ocrx_word' id='word_1_66' title='bbox 463 1111 590 1184; x_wconf 89' lang='lat' dir='ltr'>squalida</span> <span class='ocrx_word' id='word_1_67' title='bbox 609 1121 638 1166; x_wconf 87' lang='lat' dir='ltr'>et</span> <span class='ocrx_word' id='word_1_68' title='bbox 651 1112 736 1185; x_wconf 76' lang='lat' dir='ltr'>prope</span> <span class='ocrx_word' id='word_1_69' title='bbox 749 1109 865 1168; x_wconf 81' lang='lat' dir='ltr'>efferata</span> <span class='ocrx_word' id='word_1_70' title='bbox 878 1130 994 1185; x_wconf 88' lang='lat' dir='ltr'>corpora</span> <span class='ocrx_word' id='word_1_71' title='bbox 1018 1112 1092 1168; x_wconf 76' lang='lat' dir='ltr'>varie</span> <span class='ocrx_word' id='word_1_72' title='bbox 1108 1132 1165 1170; x_wconf 90' lang='lat' dir='ltr'>mo·</span> 
     </span>
     <span class='ocr_line' id='line_1_10' title="bbox 210 1187 1165 1262; baseline 0.004 -19"><span class='ocrx_word' id='word_1_73' title='bbox 210 1190 321 1248; x_wconf 86' lang='lat' dir='ltr'>vehant.</span> <span class='ocrx_word' id='word_1_74' title='bbox 361 1190 405 1246; x_wconf 87' lang='lat' dir='ltr'>Ea</span> <span class='ocrx_word' id='word_1_75' title='bbox 419 1189 449 1245; x_wconf 93' lang='lat' dir='ltr'>P.</span> <span class='ocrx_word' id='word_1_76' title='bbox 464 1187 598 1245; x_wconf 87' lang='lat' dir='ltr'>Cornelio</span> <span class='ocrx_word' id='word_1_77' title='bbox 611 1188 721 1244; x_wconf 91' lang='lat' dir='ltr'>consuli</span> <span class='ocrx_word' id='word_1_78' title='bbox 742 1206 828 1244; x_wconf 90' lang='lat' dir='ltr'>causa</span> <span class='ocrx_word' id='word_1_79' title='bbox 847 1189 909 1260; x_wconf 88' lang='lat' dir='ltr'>luit,</span> <span class='ocrx_word' id='word_1_80' title='bbox 922 1208 1008 1262; x_wconf 91' lang='lat' dir='ltr'>quum</span> <span class='ocrx_word' id='word_1_81' title='bbox 1022 1189 1102 1246; x_wconf 91' lang='lat' dir='ltr'>Pisas</span> <span class='ocrx_word' id='word_1_82' title='bbox 1115 1209 1165 1248; x_wconf 91' lang='lat' dir='ltr'>na-</span> 
     </span>
     <span class='ocr_line' id='line_1_11' title="bbox 178 1265 1163 1340; baseline 0.004 -20"><span class='ocrx_word' id='word_1_83' title='bbox 178 1291 202 1330; x_wconf 85' lang='lat'>10</span> <span class='ocrx_word' id='word_1_84' title='bbox 211 1266 291 1322; x_wconf 85' lang='lat' dir='ltr'>vibus</span> <span class='ocrx_word' id='word_1_85' title='bbox 305 1268 436 1339; x_wconf 85' lang='lat' dir='ltr'>venisset,</span> <span class='ocrx_word' id='word_1_86' title='bbox 450 1265 577 1322; x_wconf 79' lang='lat' dir='ltr'>exercitu</span> <span class='ocrx_word' id='word_1_87' title='bbox 598 1283 615 1320; x_wconf 90' lang='lat' dir='ltr'>a</span> <span class='ocrx_word' id='word_1_88' title='bbox 635 1265 745 1321; x_wconf 88' lang='lat' dir='ltr'>Manlio</span> <span class='ocrx_word' id='word_1_89' title='bbox 766 1267 909 1340; x_wconf 83' lang='lat' dir='ltr'>Atilioque</span> <span class='ocrx_word' id='word_1_90' title='bbox 925 1278 1043 1340; x_wconf 85' lang='lat' dir='ltr'>accepto</span> <span class='ocrx_word' id='word_1_91' title='bbox 1062 1267 1163 1340; x_wconf 89' lang='lat' dir='ltr'>tirone,</span> 
     </span>
     <span class='ocr_line' id='line_1_12' title="bbox 210 1342 1163 1420; baseline 0.004 -22"><span class='ocrx_word' id='word_1_92' title='bbox 210 1357 238 1399; x_wconf 89' lang='lat' dir='ltr'>et</span> <span class='ocrx_word' id='word_1_93' title='bbox 251 1344 279 1399; x_wconf 93' lang='lat' dir='ltr'>in</span> <span class='ocrx_word' id='word_1_94' title='bbox 295 1345 374 1401; x_wconf 80' lang='lat' dir='ltr'>novis</span> <span class='ocrx_word' id='word_1_95' title='bbox 388 1342 551 1420; x_wconf 83' lang='lat' dir='ltr'>ignominiis</span> <span class='ocrx_word' id='word_1_96' title='bbox 562 1343 681 1416; x_wconf 92' lang='lat' dir='ltr'>trepido,</span> <span class='ocrx_word' id='word_1_97' title='bbox 696 1343 730 1398; x_wconf 92' lang='lat' dir='ltr'>ad</span> <span class='ocrx_word' id='word_1_98' title='bbox 746 1343 854 1399; x_wconf 90' lang='lat' dir='ltr'>Padum</span> <span class='ocrx_word' id='word_1_99' title='bbox 870 1343 1036 1412; x_wconf 87' lang='lat' dir='ltr'>festinandi;</span> <span class='ocrx_word' id='word_1_100' title='bbox 1051 1355 1082 1401; x_wconf 93' lang='lat' dir='ltr'>ut</span> <span class='ocrx_word' id='word_1_101' title='bbox 1096 1365 1163 1402; x_wconf 90' lang='lat' dir='ltr'>cum</span> 
     </span>
     <span class='ocr_line' id='line_1_13' title="bbox 210 1420 1164 1494; baseline 0.002 -18"><span class='ocrx_word' id='word_1_102' title='bbox 210 1421 288 1477; x_wconf 89' lang='lat' dir='ltr'>hoste</span> <span class='ocrx_word' id='word_1_103' title='bbox 308 1423 434 1479; x_wconf 91' lang='lat' dir='ltr'>nondum</span> <span class='ocrx_word' id='word_1_104' title='bbox 448 1420 555 1478; x_wconf 86' lang='lat' dir='ltr'>relecto</span> <span class='ocrx_word' id='word_1_105' title='bbox 574 1433 690 1476; x_wconf 89' lang='lat' dir='ltr'>manum</span> <span class='ocrx_word' id='word_1_106' title='bbox 711 1431 880 1477; x_wconf 77' lang='lat' dir='ltr'>consereret.</span> <span class='ocrx_word' id='word_1_107' title='bbox 922 1421 980 1477; x_wconf 85' lang='lat' dir='ltr'>Sed</span> <span class='ocrx_word' id='word_1_108' title='bbox 1001 1440 1088 1494; x_wconf 90' lang='lat' dir='ltr'>quum</span> <span class='ocrx_word' id='word_1_109' title='bbox 1102 1422 1164 1479; x_wconf 89' lang='lat' dir='ltr'>Pla·</span> 
     </span>
     <span class='ocr_line' id='line_1_14' title="bbox 210 1498 1162 1573; baseline 0.002 -19"><span class='ocrx_word' id='word_1_110' title='bbox 210 1499 332 1558; x_wconf 79' lang='lat' dir='ltr'>nentium</span> <span class='ocrx_word' id='word_1_111' title='bbox 355 1499 454 1556; x_wconf 88' lang='lat' dir='ltr'>consul</span> <span class='ocrx_word' id='word_1_112' title='bbox 474 1498 561 1564; x_wconf 86' lang='lat' dir='ltr'>venit,</span> <span class='ocrx_word' id='word_1_113' title='bbox 579 1498 638 1573; x_wconf 88' lang='lat' dir='ltr'>jam</span> <span class='ocrx_word' id='word_1_114' title='bbox 658 1517 693 1555; x_wconf 89' lang='lat' dir='ltr'>ex</span> <span class='ocrx_word' id='word_1_115' title='bbox 715 1498 822 1554; x_wconf 84' lang='lat' dir='ltr'>stativis</span> <span class='ocrx_word' id='word_1_116' title='bbox 844 1509 968 1554; x_wconf 89' lang='lat' dir='ltr'>moverat</span> <span class='ocrx_word' id='word_1_117' title='bbox 995 1498 1162 1568; x_wconf 79' lang='lat' dir='ltr'>Hanniba13</span> 
     </span>
     <span class='ocr_line' id='line_1_15' title="bbox 209 1575 1164 1651; baseline 0.003 -20"><span class='ocrx_word' id='word_1_118' title='bbox 209 1575 456 1651; x_wconf 82' lang='lat' dir='ltr'>Taurinorumque</span> <span class='ocrx_word' id='word_1_119' title='bbox 471 1594 555 1632; x_wconf 85' lang='lat' dir='ltr'>unam</span> <span class='ocrx_word' id='word_1_120' title='bbox 571 1576 679 1641; x_wconf 89' lang='lat' dir='ltr'>urbem,</span> <span class='ocrx_word' id='word_1_121' title='bbox 701 1587 786 1650; x_wconf 86' lang='lat' dir='ltr'>capnt</span> <span class='ocrx_word' id='word_1_122' title='bbox 799 1576 892 1651; x_wconf 87' lang='lat' dir='ltr'>gentis</span> <span class='ocrx_word' id='word_1_123' title='bbox 906 1576 976 1650; x_wconf 86' lang='lat' dir='ltr'>ejus,</span> <span class='ocrx_word' id='word_1_124' title='bbox 991 1575 1057 1650; x_wconf 85' lang='lat' dir='ltr'>quia</span> <span class='ocrx_word' id='word_1_125' title='bbox 1070 1577 1164 1634; x_wconf 89' lang='lat' dir='ltr'>volen-</span> 
     </span>
     <span class='ocr_line' id='line_1_16' title="bbox 178 1653 1162 1729; baseline 0.003 -20"><span class='ocrx_word' id='word_1_126' title='bbox 178 1681 200 1718; x_wconf 83' lang='lat'>15</span> <span class='ocrx_word' id='word_1_127' title='bbox 208 1653 245 1710; x_wconf 91' lang='lat' dir='ltr'>tis</span> <span class='ocrx_word' id='word_1_128' title='bbox 259 1653 287 1710; x_wconf 96' lang='lat' dir='ltr'>in</span> <span class='ocrx_word' id='word_1_129' title='bbox 302 1655 456 1712; x_wconf 82' lang='lat' dir='ltr'>amicitiam</span> <span class='ocrx_word' id='word_1_130' title='bbox 470 1673 526 1710; x_wconf 91' lang='lat' dir='ltr'>non</span> <span class='ocrx_word' id='word_1_131' title='bbox 542 1654 700 1722; x_wconf 85' lang='lat' dir='ltr'>veniebant,</span> <span class='ocrx_word' id='word_1_132' title='bbox 716 1653 742 1709; x_wconf 86' lang='lat' dir='ltr'>vi</span> <span class='ocrx_word' id='word_1_133' title='bbox 756 1657 948 1728; x_wconf 74' lang='lat' dir='ltr'>expugnnrat:</span> <span class='ocrx_word' id='word_1_134' title='bbox 966 1653 1162 1729; x_wconf 89' lang='lat' dir='ltr'>junxissetque</span> 
     </span>
     <span class='ocr_line' id='line_1_17' title="bbox 210 1730 1162 1802; baseline 0.003 -16"><span class='ocrx_word' id='word_1_135' title='bbox 210 1731 274 1802; x_wconf 89' lang='lat' dir='ltr'>sibi,</span> <span class='ocrx_word' id='word_1_136' title='bbox 295 1751 352 1788; x_wconf 91' lang='lat' dir='ltr'>non</span> <span class='ocrx_word' id='word_1_137' title='bbox 374 1743 449 1788; x_wconf 86' lang='lat' dir='ltr'>metu</span> <span class='ocrx_word' id='word_1_138' title='bbox 465 1730 563 1801; x_wconf 84' lang='lat' dir='ltr'>solnm,</span> <span class='ocrx_word' id='word_1_139' title='bbox 588 1732 638 1786; x_wconf 91' lang='lat' dir='ltr'>sed</span> <span class='ocrx_word' id='word_1_140' title='bbox 661 1732 747 1788; x_wconf 90' lang='lat' dir='ltr'>etiam</span> <span class='ocrx_word' id='word_1_141' title='bbox 762 1732 912 1799; x_wconf 85' lang='lat' dir='ltr'>voluntate,</span> <span class='ocrx_word' id='word_1_142' title='bbox 933 1731 1029 1788; x_wconf 91' lang='lat' dir='ltr'>Gallos</span> <span class='ocrx_word' id='word_1_143' title='bbox 1049 1734 1162 1789; x_wconf 88' lang='lat' dir='ltr'>accolas</span> 
     </span>
     <span class='ocr_line' id='line_1_18' title="bbox 210 1807 1162 1883; baseline 0.004 -19"><span class='ocrx_word' id='word_1_144' title='bbox 210 1807 300 1876; x_wconf 85' lang='lat' dir='ltr'>Padi3</span> <span class='ocrx_word' id='word_1_145' title='bbox 323 1809 425 1880; x_wconf 81' lang='lat' dir='ltr'>niens,</span> <span class='ocrx_word' id='word_1_146' title='bbox 446 1809 716 1882; x_wconf 78' lang='lat' dir='ltr'>circumspectantes</span> <span class='ocrx_word' id='word_1_147' title='bbox 739 1808 906 1865; x_wconf 89' lang='lat' dir='ltr'>delectionis</span> <span class='ocrx_word' id='word_1_148' title='bbox 928 1819 1047 1883; x_wconf 88' lang='lat' dir='ltr'>tempus,</span> <span class='ocrx_word' id='word_1_149' title='bbox 1068 1810 1162 1868; x_wconf 82' lang='lat' dir='ltr'>subitd</span> 
     </span>
     <span class='ocr_line' id='line_1_19' title="bbox 210 1885 1163 1959; baseline 0.003 -18"><span class='ocrx_word' id='word_1_150' title='bbox 210 1887 346 1943; x_wconf 88' lang='lat' dir='ltr'>adventus</span> <span class='ocrx_word' id='word_1_151' title='bbox 360 1887 485 1943; x_wconf 90' lang='lat' dir='ltr'>consulis</span> <span class='ocrx_word' id='word_1_152' title='bbox 498 1886 689 1959; x_wconf 84' lang='lat' dir='ltr'>oppressisset.</span> <span class='ocrx_word' id='word_1_153' title='bbox 730 1885 768 1942; x_wconf 90' lang='lat' dir='ltr'>Et</span> <span class='ocrx_word' id='word_1_154' title='bbox 781 1886 925 1942; x_wconf 87' lang='lat' dir='ltr'>Hannibal</span> <span class='ocrx_word' id='word_1_155' title='bbox 940 1888 1026 1942; x_wconf 79' lang='lat' dir='ltr'>movit</span> <span class='ocrx_word' id='word_1_156' title='bbox 1036 1906 1072 1943; x_wconf 80' lang='lat' dir='ltr'>ex</span> <span class='ocrx_word' id='word_1_157' title='bbox 1085 1887 1163 1944; x_wconf 87' lang='lat' dir='ltr'>Tau·</span> 
     </span>
     <span class='ocr_line' id='line_1_20' title="bbox 209 1963 1161 2038; baseline 0.002 -19"><span class='ocrx_word' id='word_1_158' title='bbox 209 1964 286 2033; x_wconf 87' lang='lat' dir='ltr'>riuis,</span> <span class='ocrx_word' id='word_1_159' title='bbox 302 1965 434 2030; x_wconf 84' lang='lat' dir='ltr'>incertos,</span> <span class='ocrx_word' id='word_1_160' title='bbox 449 1981 511 2038; x_wconf 81' lang='lat' dir='ltr'>quae</span> <span class='ocrx_word' id='word_1_161' title='bbox 525 1983 589 2037; x_wconf 91' lang='lat' dir='ltr'>pars</span> <span class='ocrx_word' id='word_1_162' title='bbox 610 1965 754 2037; x_wconf 88' lang='lat' dir='ltr'>sequenda</span> <span class='ocrx_word' id='word_1_163' title='bbox 776 1973 860 2032; x_wconf 90' lang='lat' dir='ltr'>esset,</span> <span class='ocrx_word' id='word_1_164' title='bbox 884 1963 980 2020; x_wconf 87' lang='lat' dir='ltr'>Gallos</span> <span class='ocrx_word' id='word_1_165' title='bbox 993 1975 1161 2038; x_wconf 72' lang='lat' dir='ltr'>presentem</span> 
     </span>
     <span class='ocr_line' id='line_1_21' title="bbox 175 2041 1163 2116; baseline 0.003 -20"><span class='ocrx_word' id='word_1_166' title='bbox 175 2060 238 2108; x_wconf 62' lang='lat' dir='ltr'>sose</span> <span class='ocrx_word' id='word_1_167' title='bbox 253 2053 400 2098; x_wconf 88' lang='lat' dir='ltr'>secuturos</span> <span class='ocrx_word' id='word_1_168' title='bbox 414 2053 498 2098; x_wconf 90' lang='lat' dir='ltr'>ratus.</span> <span class='ocrx_word' id='word_1_169' title='bbox 541 2041 613 2098; x_wconf 82' lang='lat' dir='ltr'>Jam·</span> <span class='ocrx_word' id='word_1_170' title='bbox 626 2042 711 2116; x_wconf 66' lang='lat' dir='ltr'>prope*</span> <span class='ocrx_word' id='word_1_171' title='bbox 733 2041 762 2097; x_wconf 92' lang='lat' dir='ltr'>in</span> <span class='ocrx_word' id='word_1_172' title='bbox 777 2052 931 2115; x_wconf 86' lang='lat' dir='ltr'>conspectu</span> <span class='ocrx_word' id='word_1_173' title='bbox 955 2052 1036 2098; x_wconf 88' lang='lat' dir='ltr'>erant</span> <span class='ocrx_word' id='word_1_174' title='bbox 1055 2042 1163 2099; x_wconf 87' lang='lat' dir='ltr'>exerci-</span> 
     </span>
     <span class='ocr_line' id='line_1_22' title="bbox 208 2118 1161 2192; baseline 0.002 -18"><span class='ocrx_word' id='word_1_175' title='bbox 208 2129 263 2190; x_wconf 90' lang='lat' dir='ltr'>tus,</span> <span class='ocrx_word' id='word_1_176' title='bbox 278 2129 524 2192; x_wconf 89' lang='lat' dir='ltr'>convenerantque</span> <span class='ocrx_word' id='word_1_177' title='bbox 538 2119 636 2184; x_wconf 88' lang='lat' dir='ltr'>duces,</span> <span class='ocrx_word' id='word_1_178' title='bbox 651 2119 736 2176; x_wconf 91' lang='lat' dir='ltr'>sicuti</span> <span class='ocrx_word' id='word_1_179' title='bbox 748 2119 821 2175; x_wconf 89' lang='lat' dir='ltr'>inter</span> <span class='ocrx_word' id='word_1_180' title='bbox 831 2137 862 2174; x_wconf 90' lang='lat' dir='ltr'>se</span> <span class='ocrx_word' id='word_1_181' title='bbox 871 2118 996 2175; x_wconf 91' lang='lat' dir='ltr'>nondum</span> <span class='ocrx_word' id='word_1_182' title='bbox 1011 2120 1079 2176; x_wconf 87' lang='lat' dir='ltr'>satis</span> <span class='ocrx_word' id='word_1_183' title='bbox 1092 2120 1161 2186; x_wconf 88' lang='lat' dir='ltr'>noti,</span> 
     </span>
     <span class='ocr_line' id='line_1_23' title="bbox 209 2196 1162 2271; baseline 0.003 -20"><span class='ocrx_word' id='word_1_184' title='bbox 209 2196 247 2252; x_wconf 84' lang='lat' dir='ltr'>ita</span> <span class='ocrx_word' id='word_1_185' title='bbox 258 2198 316 2271; x_wconf 87' lang='lat' dir='ltr'>jam</span> <span class='ocrx_word' id='word_1_186' title='bbox 326 2197 456 2252; x_wconf 83' lang='lat' dir='ltr'>imbutus</span> <span class='ocrx_word' id='word_1_187' title='bbox 470 2206 586 2269; x_wconf 89' lang='lat' dir='ltr'>uterque</span> <span class='ocrx_word' id='word_1_188' title='bbox 600 2197 722 2270; x_wconf 73' lang='lat' dir='ltr'>quddam</span> <span class='ocrx_word' id='word_1_189' title='bbox 736 2196 920 2252; x_wconf 89' lang='lat' dir='ltr'>admiratione</span> <span class='ocrx_word' id='word_1_190' title='bbox 935 2197 1057 2254; x_wconf 87' lang='lat' dir='ltr'>alterius.</span> <span class='ocrx_word' id='word_1_191' title='bbox 1085 2197 1162 2254; x_wconf 88' lang='lat' dir='ltr'>Nam</span> 
     </span>
     <span class='ocr_line' id='line_1_24' title="bbox 208 2273 1162 2349; baseline 0.002 -20"><span class='ocrx_word' id='word_1_192' title='bbox 208 2273 379 2330; x_wconf 88' lang='lat' dir='ltr'>Hannibalis</span> <span class='ocrx_word' id='word_1_193' title='bbox 392 2284 420 2330; x_wconf 90' lang='lat' dir='ltr'>et</span> <span class='ocrx_word' id='word_1_194' title='bbox 435 2273 508 2348; x_wconf 87' lang='lat' dir='ltr'>apud</span> <span class='ocrx_word' id='word_1_195' title='bbox 523 2273 679 2340; x_wconf 86' lang='lat' dir='ltr'>Romanos,</span> <span class='ocrx_word' id='word_1_196' title='bbox 701 2274 759 2349; x_wconf 85' lang='lat' dir='ltr'>jam</span> <span class='ocrx_word' id='word_1_197' title='bbox 774 2288 839 2330; x_wconf 89' lang='lat' dir='ltr'>aute</span> <span class='ocrx_word' id='word_1_198' title='bbox 861 2274 981 2348; x_wconf 83' lang='lat' dir='ltr'>Sagunti</span> <span class='ocrx_word' id='word_1_199' title='bbox 995 2275 1162 2348; x_wconf 83' lang='lat' dir='ltr'>exscidium,</span> 
     </span>
     <span class='ocr_line' id='line_1_25' title="bbox 207 2352 1161 2428; baseline 0.002 -20"><span class='ocrx_word' id='word_1_200' title='bbox 207 2352 422 2408; x_wconf 88' lang='lat' dir='ltr'>celeberrimum</span> <span class='ocrx_word' id='word_1_201' title='bbox 444 2369 548 2407; x_wconf 88' lang='lat' dir='ltr'>nomen</span> <span class='ocrx_word' id='word_1_202' title='bbox 561 2362 638 2408; x_wconf 69' lang='lat' dir='ltr'>erati</span> <span class='ocrx_word' id='word_1_203' title='bbox 665 2363 694 2408; x_wconf 92' lang='lat' dir='ltr'>et</span> <span class='ocrx_word' id='word_1_204' title='bbox 708 2352 871 2426; x_wconf 86' lang='lat' dir='ltr'>Scipionem</span> <span class='ocrx_word' id='word_1_205' title='bbox 887 2352 1030 2408; x_wconf 89' lang='lat' dir='ltr'>Hannibal</span> <span class='ocrx_word' id='word_1_206' title='bbox 1045 2373 1080 2410; x_wconf 92' lang='lat' dir='ltr'>eo</span> <span class='ocrx_word' id='word_1_207' title='bbox 1094 2353 1161 2428; x_wconf 91' lang='lat' dir='ltr'>ipso,</span> 
     </span>
     <span class='ocr_line' id='line_1_26' title="bbox 174 2428 1162 2504; baseline 0.004 -20"><span class='ocrx_word' id='word_1_208' title='bbox 174 2428 281 2504; x_wconf 74' lang='lat' dir='ltr'>25qudd</span> <span class='ocrx_word' id='word_1_209' title='bbox 302 2431 436 2486; x_wconf 89' lang='lat' dir='ltr'>adversus</span> <span class='ocrx_word' id='word_1_210' title='bbox 456 2447 486 2485; x_wconf 88' lang='lat' dir='ltr'>se</span> <span class='ocrx_word' id='word_1_211' title='bbox 508 2429 566 2485; x_wconf 88' lang='lat' dir='ltr'>dux</span> <span class='ocrx_word' id='word_1_212' title='bbox 581 2429 757 2503; x_wconf 84' lang='lat' dir='ltr'>potissimnm</span> <span class='ocrx_word' id='word_1_213' title='bbox 772 2430 863 2500; x_wconf 83' lang='lat' dir='ltr'>lectus</span> <span class='ocrx_word' id='word_1_214' title='bbox 875 2440 960 2500; x_wconf 87' lang='lat' dir='ltr'>esset,</span> <span class='ocrx_word' id='word_1_215' title='bbox 984 2441 1162 2504; x_wconf 75' lang='lat' dir='ltr'>praestantem</span> 
     </span>
     <span class='ocr_line' id='line_1_27' title="bbox 209 2507 1162 2584; baseline 0.005 -23"><span class='ocrx_word' id='word_1_216' title='bbox 209 2508 298 2564; x_wconf 90' lang='lat' dir='ltr'>virum</span> <span class='ocrx_word' id='word_1_217' title='bbox 319 2508 472 2564; x_wconf 87' lang='lat' dir='ltr'>credebat:</span> <span class='ocrx_word' id='word_1_218' title='bbox 507 2517 536 2566; x_wconf 88' lang='lat' dir='ltr'>et</span> <span class='ocrx_word' id='word_1_219' title='bbox 556 2518 700 2563; x_wconf 77' lang='lat' dir='ltr'>auxerant</span> <span class='ocrx_word' id='word_1_220' title='bbox 714 2508 787 2564; x_wconf 89' lang='lat' dir='ltr'>inter</span> <span class='ocrx_word' id='word_1_221' title='bbox 808 2525 838 2563; x_wconf 90' lang='lat' dir='ltr'>se</span> <span class='ocrx_word' id='word_1_222' title='bbox 861 2507 1033 2581; x_wconf 89' lang='lat' dir='ltr'>opinionem,</span> <span class='ocrx_word' id='word_1_223' title='bbox 1056 2509 1162 2584; x_wconf 88' lang='lat' dir='ltr'>Scipio,</span> 
     </span>
     <span class='ocr_line' id='line_1_28' title="bbox 207 2583 1164 2660; baseline 0.003 -20"><span class='ocrx_word' id='word_1_224' title='bbox 207 2583 292 2658; x_wconf 75' lang='lat' dir='ltr'>quod,</span> <span class='ocrx_word' id='word_1_225' title='bbox 307 2585 422 2641; x_wconf 88' lang='lat' dir='ltr'>relictus</span> <span class='ocrx_word' id='word_1_226' title='bbox 432 2585 472 2640; x_wconf 85' lang='lat' dir='ltr'>¹in</span> <span class='ocrx_word' id='word_1_227' title='bbox 486 2584 589 2651; x_wconf 77' lang='lat' dir='ltr'>Gellii,</span> <span class='ocrx_word' id='word_1_228' title='bbox 603 2585 702 2640; x_wconf 90' lang='lat' dir='ltr'>obvius</span> <span class='ocrx_word' id='word_1_229' title='bbox 716 2585 807 2640; x_wconf 86' lang='lat' dir='ltr'>luerat</span> <span class='ocrx_word' id='word_1_230' title='bbox 821 2584 850 2640; x_wconf 93' lang='lat' dir='ltr'>in</span> <span class='ocrx_word' id='word_1_231' title='bbox 864 2584 975 2640; x_wconf 89' lang='lat' dir='ltr'>Italiam</span> <span class='ocrx_word' id='word_1_232' title='bbox 989 2596 1164 2660; x_wconf 86' lang='lat' dir='ltr'>transgresso</span> 
     </span>
     <span class='ocr_line' id='line_1_29' title="bbox 208 2661 1164 2735; baseline 0.002 -17"><span class='ocrx_word' id='word_1_233' title='bbox 208 2661 366 2719; x_wconf 88' lang='lat' dir='ltr'>Hannibali</span> <span class='ocrx_word' id='word_1_234' title='bbox 379 2682 386 2730; x_wconf 85' lang='lat'>3</span> <span class='ocrx_word' id='word_1_235' title='bbox 409 2663 564 2728; x_wconf 88' lang='lat' dir='ltr'>Hannibal,</span> <span class='ocrx_word' id='word_1_236' title='bbox 586 2672 616 2718; x_wconf 89' lang='lat' dir='ltr'>et</span> <span class='ocrx_word' id='word_1_237' title='bbox 629 2672 732 2718; x_wconf 86' lang='lat' dir='ltr'>conatu</span> <span class='ocrx_word' id='word_1_238' title='bbox 746 2675 803 2718; x_wconf 87' lang='lat' dir='ltr'>tarn</span> <span class='ocrx_word' id='word_1_239' title='bbox 818 2661 920 2718; x_wconf 86' lang='lat' dir='ltr'>audaci</span> <span class='ocrx_word' id='word_1_240' title='bbox 934 2662 1164 2735; x_wconf 87' lang='lat' dir='ltr'>trajiciendarum</span> 
     </span>
    </p>
   </div>
   <div class='ocr_carea' id='block_1_4' title="bbox 173 2738 1165 3031">
    <p class='ocr_par' dir='ltr' id='par_1_4' title="bbox 209 2738 1162 2815">
     <span class='ocr_line' id='line_1_30' title="bbox 209 2738 1162 2815; baseline 0.001 -19"><span class='ocrx_word' id='word_1_241' title='bbox 209 2740 334 2814; x_wconf 84' lang='lat' dir='ltr'>Alpium,</span> <span class='ocrx_word' id='word_1_242' title='bbox 349 2751 379 2798; x_wconf 86' lang='lat' dir='ltr'>et</span> <span class='ocrx_word' id='word_1_243' title='bbox 392 2741 505 2797; x_wconf 83' lang='lat' dir='ltr'>effectu.</span> <span class='ocrx_word' id='word_1_244' title='bbox 547 2739 707 2814; x_wconf 90' lang='lat' dir='ltr'>Occupavit</span> <span class='ocrx_word' id='word_1_245' title='bbox 720 2749 815 2796; x_wconf 91' lang='lat' dir='ltr'>tamen</span> <span class='ocrx_word' id='word_1_246' title='bbox 841 2738 937 2812; x_wconf 90' lang='lat' dir='ltr'>Scipio</span> <span class='ocrx_word' id='word_1_247' title='bbox 959 2738 1068 2796; x_wconf 87' lang='lat' dir='ltr'>Padum</span> <span class='ocrx_word' id='word_1_248' title='bbox 1086 2741 1162 2815; x_wconf 89' lang='lat' dir='ltr'>traji-</span> 
     </span>
    </p>

    <p class='ocr_par' dir='ltr' id='par_1_5' title="bbox 173 2815 1165 3031">
     <span class='ocr_line' id='line_1_31' title="bbox 173 2815 1164 2890; baseline 0 -16"><span class='ocrx_word' id='word_1_249' title='bbox 173 2836 293 2886; x_wconf 70' lang='lat' dir='ltr'>3ocere3</span> <span class='ocrx_word' id='word_1_250' title='bbox 311 2830 349 2886; x_wconf 89' lang='lat' dir='ltr'>et,</span> <span class='ocrx_word' id='word_1_251' title='bbox 365 2819 400 2875; x_wconf 91' lang='lat' dir='ltr'>ad</span> <span class='ocrx_word' id='word_1_252' title='bbox 415 2818 552 2874; x_wconf 75' lang='lat' dir='ltr'>&#39;l&#39;icinum</span> <span class='ocrx_word' id='word_1_253' title='bbox 568 2836 680 2874; x_wconf 91' lang='lat' dir='ltr'>amnem</span> <span class='ocrx_word' id='word_1_254' title='bbox 695 2817 778 2888; x_wconf 79' lang='lat' dir='ltr'>motis</span> <span class='ocrx_word' id='word_1_255' title='bbox 792 2816 901 2887; x_wconf 88' lang='lat' dir='ltr'>castris,</span> <span class='ocrx_word' id='word_1_256' title='bbox 912 2815 1081 2890; x_wconf 83' lang='lat' dir='ltr'>prinsqudm</span> <span class='ocrx_word' id='word_1_257' title='bbox 1096 2819 1164 2874; x_wconf 90' lang='lat' dir='ltr'>edu·</span> 
     </span>
     <span class='ocr_line' id='line_1_32' title="bbox 207 2893 1165 2967; baseline 0.001 -16"><span class='ocrx_word' id='word_1_258' title='bbox 207 2897 327 2952; x_wconf 85' lang='lat' dir='ltr'>ceretio</span> <span class='ocrx_word' id='word_1_259' title='bbox 342 2897 443 2967; x_wconf 89' lang='lat' dir='ltr'>aciem,</span> <span class='ocrx_word' id='word_1_260' title='bbox 459 2895 696 2953; x_wconf 86' lang='lat' dir='ltr'>adhortandorum</span> <span class='ocrx_word' id='word_1_261' title='bbox 712 2895 832 2952; x_wconf 91' lang='lat' dir='ltr'>militurn</span> <span class='ocrx_word' id='word_1_262' title='bbox 854 2893 951 2962; x_wconf 70' lang='lat' dir='ltr'>causti,</span> <span class='ocrx_word' id='word_1_263' title='bbox 966 2894 1051 2950; x_wconf 90' lang='lat' dir='ltr'>talem</span> <span class='ocrx_word' id='word_1_264' title='bbox 1064 2896 1165 2952; x_wconf 84' lang='lat' dir='ltr'>oratio·</span> 
     </span>
     <span class='ocr_line' id='line_1_33' title="bbox 206 2984 477 3031; baseline 0.004 -2"><span class='ocrx_word' id='word_1_265' title='bbox 206 2991 273 3030; x_wconf 90' lang='lat' dir='ltr'>nem</span> <span class='ocrx_word' id='word_1_266' title='bbox 287 2993 403 3031; x_wconf 83' lang='lat' dir='ltr'>exorsus</span> <span class='ocrx_word' id='word_1_267' title='bbox 416 2984 477 3030; x_wconf 90' lang='lat' dir='ltr'>et:</span> 
     </span>
    </p>
   </div>
   <div class='ocr_carea' id='block_1_5' title="bbox 171 3129 1165 3831">
    <p class='ocr_par' dir='ltr' id='par_1_6' title="bbox 171 3129 1165 3831">
     <span class='ocr_line' id='line_1_34' title="bbox 246 3129 1163 3200; baseline 0.002 -15"><span class='ocrx_word' id='word_1_268' title='bbox 246 3129 311 3186; x_wconf 90' lang='lat' dir='ltr'>XL.</span> <span class='ocrx_word' id='word_1_269' title='bbox 346 3131 407 3187; x_wconf 82' lang='lat' dir='ltr'>“Si</span> <span class='ocrx_word' id='word_1_270' title='bbox 427 3149 493 3188; x_wconf 91' lang='lat' dir='ltr'>eurn</span> <span class='ocrx_word' id='word_1_271' title='bbox 513 3131 679 3200; x_wconf 84' lang='lat' dir='ltr'>exercitum,</span> <span class='ocrx_word' id='word_1_272' title='bbox 702 3130 817 3200; x_wconf 90' lang='lat' dir='ltr'>milites,</span> <span class='ocrx_word' id='word_1_273' title='bbox 838 3129 990 3186; x_wconf 85' lang='lat' dir='ltr'>educerem</span> <span class='ocrx_word' id='word_1_274' title='bbox 1012 3129 1041 3187; x_wconf 89' lang='lat' dir='ltr'>in</span> <span class='ocrx_word' id='word_1_275' title='bbox 1062 3129 1163 3200; x_wconf 89' lang='lat' dir='ltr'>aciem,</span> 
     </span>
     <span class='ocr_line' id='line_1_35' title="bbox 207 3207 1165 3283; baseline 0.001 -19"><span class='ocrx_word' id='word_1_276' title='bbox 207 3213 319 3282; x_wconf 86' lang='lat' dir='ltr'>“quern</span> <span class='ocrx_word' id='word_1_277' title='bbox 341 3207 370 3269; x_wconf 88' lang='lat' dir='ltr'>in</span> <span class='ocrx_word' id='word_1_278' title='bbox 390 3209 486 3266; x_wconf 76' lang='lat' dir='ltr'>Gallis</span> <span class='ocrx_word' id='word_1_279' title='bbox 505 3228 618 3266; x_wconf 88' lang='lat' dir='ltr'>mecum</span> <span class='ocrx_word' id='word_1_280' title='bbox 641 3209 736 3275; x_wconf 91' lang='lat' dir='ltr'>habui,</span> <span class='ocrx_word' id='word_1_281' title='bbox 759 3208 980 3282; x_wconf 85' lang='lat' dir='ltr'>supersedissem</span> <span class='ocrx_word' id='word_1_282' title='bbox 994 3209 1068 3282; x_wconf 89' lang='lat' dir='ltr'>loqui</span> <span class='ocrx_word' id='word_1_283' title='bbox 1090 3209 1165 3283; x_wconf 91' lang='lat' dir='ltr'>apud</span> 
     </span>
     <span class='ocr_line' id='line_1_36' title="bbox 171 3286 1165 3360; baseline 0.001 -19"><span class='ocrx_word' id='word_1_284' title='bbox 171 3291 303 3360; x_wconf 66' lang='lat' dir='ltr'>35“vos:</span> <span class='ocrx_word' id='word_1_285' title='bbox 337 3287 405 3360; x_wconf 94' lang='lat' dir='ltr'>quid</span> <span class='ocrx_word' id='word_1_286' title='bbox 430 3287 506 3344; x_wconf 91' lang='lat' dir='ltr'>enim</span> <span class='ocrx_word' id='word_1_287' title='bbox 529 3287 671 3358; x_wconf 82' lang='lat' dir='ltr'>adhortari</span> <span class='ocrx_word' id='word_1_288' title='bbox 697 3286 814 3342; x_wconf 80' lang='lat' dir='ltr'>referret</span> <span class='ocrx_word' id='word_1_289' title='bbox 841 3295 889 3342; x_wconf 91' lang='lat' dir='ltr'>aut</span> <span class='ocrx_word' id='word_1_290' title='bbox 909 3305 958 3344; x_wconf 91' lang='lat' dir='ltr'>eos</span> <span class='ocrx_word' id='word_1_291' title='bbox 978 3288 1096 3360; x_wconf 87' lang='lat' dir='ltr'>equites,</span> <span class='ocrx_word' id='word_1_292' title='bbox 1117 3286 1165 3359; x_wconf 93' lang='lat' dir='ltr'>qui</span> 
     </span>
     <span class='ocr_line' id='line_1_37' title="bbox 208 3363 1164 3440; baseline 0.001 -21"><span class='ocrx_word' id='word_1_293' title='bbox 208 3364 389 3438; x_wconf 84' lang='lat' dir='ltr'>“equitatum</span> <span class='ocrx_word' id='word_1_294' title='bbox 405 3365 526 3422; x_wconf 89' lang='lat' dir='ltr'>hostium</span> <span class='ocrx_word' id='word_1_295' title='bbox 541 3365 576 3421; x_wconf 89' lang='lat' dir='ltr'>nd</span> <span class='ocrx_word' id='word_1_296' title='bbox 592 3365 765 3420; x_wconf 83' lang='lat' dir='ltr'>Rhodanum</span> <span class='ocrx_word' id='word_1_297' title='bbox 777 3363 882 3420; x_wconf 89' lang='lat' dir='ltr'>flumen</span> <span class='ocrx_word' id='word_1_298' title='bbox 893 3364 1008 3440; x_wconf 77' lang='lat' dir='ltr'>egregie</span> <span class='ocrx_word' id='word_1_299' title='bbox 1021 3365 1164 3430; x_wconf 86' lang='lat' dir='ltr'>vicissent,</span> 
     </span>
     <span class='ocr_line' id='line_1_38' title="bbox 207 3441 1154 3518; baseline 0.001 -21"><span class='ocrx_word' id='word_1_300' title='bbox 207 3445 284 3498; x_wconf 84' lang='lat' dir='ltr'>“aut</span> <span class='ocrx_word' id='word_1_301' title='bbox 297 3459 346 3498; x_wconf 87' lang='lat' dir='ltr'>eas</span> <span class='ocrx_word' id='word_1_302' title='bbox 359 3443 496 3518; x_wconf 87' lang='lat' dir='ltr'>legiones,</span> <span class='ocrx_word' id='word_1_303' title='bbox 511 3461 577 3501; x_wconf 90' lang='lat' dir='ltr'>eum</span> <span class='ocrx_word' id='word_1_304' title='bbox 599 3442 700 3516; x_wconf 89' lang='lat' dir='ltr'>quibus</span> <span class='ocrx_word' id='word_1_305' title='bbox 715 3441 870 3517; x_wconf 88' lang='lat' dir='ltr'>fugientem</span> <span class='ocrx_word' id='word_1_306' title='bbox 892 3443 969 3499; x_wconf 86' lang='lat' dir='ltr'>hune</span> <span class='ocrx_word' id='word_1_307' title='bbox 991 3443 1082 3516; x_wconf 89' lang='lat' dir='ltr'>ipsum</span> <span class='ocrx_word' id='word_1_308' title='bbox 1104 3442 1154 3498; x_wconf 89' lang='lat' dir='ltr'>hos</span> 
     </span>
     <span class='ocr_line' id='line_1_39' title="bbox 207 3520 1165 3588; baseline 0 -12"><span class='ocrx_word' id='word_1_309' title='bbox 207 3525 292 3576; x_wconf 85' lang='lat' dir='ltr'>“tem</span> <span class='ocrx_word' id='word_1_310' title='bbox 313 3531 438 3588; x_wconf 87' lang='lat' dir='ltr'>secutus,</span> <span class='ocrx_word' id='word_1_311' title='bbox 457 3521 665 3578; x_wconf 86' lang='lat' dir='ltr'>confessionem</span> <span class='ocrx_word' id='word_1_312' title='bbox 680 3520 809 3576; x_wconf 88' lang='lat' dir='ltr'>cedentis</span> <span class='ocrx_word' id='word_1_313' title='bbox 830 3539 865 3576; x_wconf 91' lang='lat' dir='ltr'>ac</span> <span class='ocrx_word' id='word_1_314' title='bbox 878 3521 1065 3578; x_wconf 82' lang='lat' dir='ltr'>detrectantis</span> <span class='ocrx_word' id='word_1_315' title='bbox 1076 3531 1165 3577; x_wconf 88' lang='lat' dir='ltr'>certa·</span> 
     </span>
     <span class='ocr_line' id='line_1_40' title="bbox 208 3597 1163 3672; baseline -0.001 -19"><span class='ocrx_word' id='word_1_316' title='bbox 208 3601 300 3653; x_wconf 85' lang='lat' dir='ltr'>“men</span> <span class='ocrx_word' id='word_1_317' title='bbox 317 3617 367 3672; x_wconf 94' lang='lat' dir='ltr'>pro</span> <span class='ocrx_word' id='word_1_318' title='bbox 380 3599 495 3654; x_wconf 74' lang='lat' dir='ltr'>victorin</span> <span class='ocrx_word' id='word_1_319' title='bbox 510 3599 615 3655; x_wconf 87' lang='lat' dir='ltr'>habuil</span> <span class='ocrx_word' id='word_1_320' title='bbox 655 3597 754 3670; x_wconf 89' lang='lat' dir='ltr'>Nunc,</span> <span class='ocrx_word' id='word_1_321' title='bbox 778 3597 843 3670; x_wconf 88' lang='lat' dir='ltr'>quia</span> <span class='ocrx_word' id='word_1_322' title='bbox 866 3598 913 3654; x_wconf 89' lang='lat' dir='ltr'>ille</span> <span class='ocrx_word' id='word_1_323' title='bbox 932 3598 1084 3667; x_wconf 88' lang='lat' dir='ltr'>exercitus,</span> <span class='ocrx_word' id='word_1_324' title='bbox 1099 3597 1163 3652; x_wconf 82' lang='lat' dir='ltr'>liis-</span> 
     </span>
     <span class='ocr_line' id='line_1_41' title="bbox 172 3673 1165 3751; baseline 0 -21"><span class='ocrx_word' id='word_1_325' title='bbox 172 3675 328 3750; x_wconf 73' lang='lat' dir='ltr'>40“paniae</span> <span class='ocrx_word' id='word_1_326' title='bbox 349 3676 500 3751; x_wconf 77' lang='lat' dir='ltr'>provinciae</span> <span class='ocrx_word' id='word_1_327' title='bbox 527 3677 658 3750; x_wconf 89' lang='lat' dir='ltr'>scriptus,</span> <span class='ocrx_word' id='word_1_328' title='bbox 686 3676 724 3732; x_wconf 95' lang='lat' dir='ltr'>ibi</span> <span class='ocrx_word' id='word_1_329' title='bbox 754 3694 821 3732; x_wconf 90' lang='lat' dir='ltr'>cum</span> <span class='ocrx_word' id='word_1_330' title='bbox 850 3674 933 3732; x_wconf 80' lang='lat' dir='ltr'>fratre</span> <span class='ocrx_word' id='word_1_331' title='bbox 954 3677 1009 3732; x_wconf 87' lang='lat' dir='ltr'>Cn.</span> <span class='ocrx_word' id='word_1_332' title='bbox 1030 3673 1165 3748; x_wconf 88' lang='lat' dir='ltr'>Scipione</span> 
     </span>
     <span class='ocr_line' id='line_1_42' title="bbox 207 3751 1162 3831; baseline -0.002 -21"><span class='ocrx_word' id='word_1_333' title='bbox 207 3757 226 3790; x_wconf 88' lang='lat'>“</span> <span class='ocrx_word' id='word_1_334' title='bbox 235 3753 307 3810; x_wconf 89' lang='lat' dir='ltr'>meis</span> <span class='ocrx_word' id='word_1_335' title='bbox 320 3753 454 3830; x_wconf 90' lang='lat' dir='ltr'>auspiciis</span> <span class='ocrx_word' id='word_1_336' title='bbox 467 3773 525 3812; x_wconf 89' lang='lat' dir='ltr'>rem</span> <span class='ocrx_word' id='word_1_337' title='bbox 540 3754 622 3831; x_wconf 87' lang='lat' dir='ltr'>gerit,</span> <span class='ocrx_word' id='word_1_338' title='bbox 637 3754 685 3811; x_wconf 93' lang='lat' dir='ltr'>ubi</span> <span class='ocrx_word' id='word_1_339' title='bbox 699 3773 765 3810; x_wconf 89' lang='lat' dir='ltr'>eum</span> <span class='ocrx_word' id='word_1_340' title='bbox 778 3771 877 3827; x_wconf 86' lang='lat' dir='ltr'>gerere</span> <span class='ocrx_word' id='word_1_341' title='bbox 899 3765 1013 3809; x_wconf 84' lang='lat' dir='ltr'>senatus</span> <span class='ocrx_word' id='word_1_342' title='bbox 1034 3751 1162 3826; x_wconf 83' lang='lat' dir='ltr'>populus</span> 
     </span>
    </p>
   </div>
   <div class='ocr_carea' id='block_1_6' title="bbox 0 0 1321 4228">
    <p class='ocr_par' dir='ltr' id='par_1_7' title="bbox 0 0 1321 4228">
     <span class='ocr_line' id='line_1_43' title="bbox 0 0 1321 4228; baseline 0 0"><span class='ocrx_word' id='word_1_343' title='bbox 0 0 1321 4228; x_wconf 95' lang='lat' dir='ltr'> </span> 
     </span>
    </p>
   </div>
  </div>
 </body>
</html>
