2630 4228
154 293 211 358 ιη
565 299 635 348 τιτι
652 297 753 346 mvn·

153 439 241 496 drdit:
283 437 438 496 “Falerios
452 457 482 495 se
498 438 526 495 in
541 455 643 496 manus
663 437 804 496 Romanis
823 436 983 505 tradidisse,
997 438 1113 512 quando

154 527 172 553 ⁰¹
184 535 233 573 eos
246 535 358 591 pueros,
373 533 491 592 quorum
504 528 634 592 parentes
645 517 735 591 capita
753 517 790 572 ibi
802 535 896 574 rerum
908 516 973 585 sint,
984 517 1012 572 in
1022 528 1113 592 potes·

154 603 271 650 “tatem
286 593 452 650 dediderit.''
485 593 563 654 Quae
577 595 625 650 ubi
640 594 779 651 Camillus
789 593 906 660 audivit,
922 594 1018 650 “Non
1031 595 1109 652 adsi·

154 680 173 708 ⁸⁸
184 672 311 738 milem,'’
333 672 432 745 inquit,
449 672 517 728 “tui
532 691 588 730 nee
606 667 739 748 populum
754 691 809 728 nec
824 671 1030 746 imperatorem,
1053 691 1114 730 sce-

153 750 272 806 ·‘lestus
297 749 365 824 ipse,
391 767 456 805 cum
479 750 599 806 scelesto
625 767 744 806 munere
772 749 881 806 venisti.
931 749 1110 806 Nobiscum
1132 766 1147 805 5

153 836 173 864 ⁴⁸
183 826 314 894 Faliscis,
329 845 391 901 quae
405 842 489 902 pacto
510 827 540 884 ht
561 828 694 898 humano,
715 827 837 884 societas
857 846 913 884 non
934 833 994 884 e'st:
1028 846 1129 900 quam·

154 905 359 980 “ingeneravit
373 915 485 972 natura,
510 905 635 978 utrisque
656 916 709 976 est,
729 906 847 978 eritque.
900 906 974 961 Sunt
993 915 1022 960 et
1037 905 1112 972 belli,

153 983 256 1038 “sicut
270 983 360 1058 pacis,
380 983 463 1058 jura:
496 982 626 1058 justeque
647 1001 691 1048 ea,
716 1001 772 1038 non
788 983 886 1040 minus
898 983 983 1056 quarn
998 981 1112 1054 sortiter,

152 1061 336 1116 “didicimus
358 1079 465 1134 gerere.
520 1060 611 1116 Arma
642 1061 788 1130 habemus,
817 1079 875 1118 non
895 1059 1030 1116 adversus
1049 1078 1112 1118 eam

153 1147 303 1204 “aetatem,
326 1137 373 1194 cui
387 1139 473 1194 etiam
488 1137 579 1212 captis
593 1137 710 1194 urbibus
733 1137 876 1211 parcitum
906 1138 957 1194 sed
969 1138 1113 1196 adversus
1123 1151 1147 1190 ro
1219 1135 1226 1142 ‘

153 1226 174 1252 “
183 1227 304 1272 armatos
318 1227 346 1271 et
360 1216 444 1289 ipsos,
459 1215 517 1289 qui,
532 1233 587 1271 nec
601 1215 660 1272 laesi
672 1233 727 1290 neo
741 1215 865 1272 lacessiti
879 1235 895 1272 a
910 1215 1001 1286 nobis,
1020 1227 1113 1273 castra

153 1293 315 1349 “Romana
336 1294 371 1349 ad
393 1293 701 1368 Vejosoppugndruut.
743 1291 802 1350 Eos
815 1303 856 1360 tu,
877 1291 1015 1367 quantum
1042 1293 1069 1349 in
1084 1304 1112 1350 te

152 1371 244 1437 “luit,
264 1370 459 1428 novoscelere
483 1370 591 1426 vicisti:
625 1389 680 1446 ego
702 1371 842 1428 Romanis
865 1370 981 1440 artibus,
1002 1370 1112 1443 virtute,

153 1457 276 1522 ‘'epere,
291 1448 386 1519 armis,
402 1447 477 1504 sicut
497 1447 594 1522 Vejos,
615 1448 759 1504 vincam.’'
800 1447 984 1504 Denudatum
1008 1448 1112 1506 deinde

151 1543 226 1594 eum,
243 1526 374 1581 manibus
396 1537 459 1600 post
482 1535 594 1599 tergum
619 1525 743 1601 illigatis,
765 1526 960 1582 reducendum
986 1525 1147 1584 Faleriosrs

151 1603 247 1676 pueris
267 1603 400 1670 tradidit3
435 1603 583 1678 virgasque
607 1603 659 1670 eis,
683 1603 785 1678 quibus
806 1603 976 1678 proditorem
996 1615 1114 1678 agerent

152 1680 181 1738 i'n
207 1680 304 1736 urbem
332 1681 522 1752 verberantes,
544 1680 631 1737 dedit.
675 1681 720 1738 Ad
741 1681 816 1755 quod
830 1681 1023 1756 spectaculum
1046 1700 1114 1738 cou-

152 1775 238 1816 cursu
263 1758 357 1833 populi
380 1758 498 1833 primum
522 1757 606 1824 sacto,
630 1759 735 1816 deinde
757 1777 774 1814 a
796 1759 1005 1833 magistratibus
1025 1759 1061 1814 de
1082 1779 1112 1816 re

152 1836 223 1894 novt
239 1847 337 1893 vocato
351 1846 462 1903 senatu,
476 1846 556 1892 tanta
569 1837 689 1894 mutatio
704 1836 806 1894 animis
819 1848 863 1892 est
877 1836 991 1911 injecta,
1007 1848 1046 1906 ut,
1061 1838 1109 1910 qui

152 1912 245 1980 modd,
267 1915 375 1970 efferati
389 1913 455 1971 odio
469 1914 577 1988 inique,
600 1914 766 1990 Vejentium
790 1914 899 1970 exitum
925 1933 1015 1988 paene,
1029 1915 1148 1988 quamau

152 1991 340 2066 Capenatium
356 1995 466 2066 pacem,
480 1992 605 2060 mallent,
620 1992 695 2066 apud
719 2009 768 2048 eus
789 2010 889 2065 pacem
908 1991 1039 2048 universa
1052 2011 1114 2066 pos·

151 2080 230 2126 ceret
244 2070 352 2126 civitas.
394 2069 481 2126 Fides
505 2069 649 2140 Romana,
668 2069 777 2144 justitia
798 2069 981 2143 imperatoris,
1003 2069 1032 2126 in
1054 2069 1114 2128 soro

151 2157 180 2203 et
201 2148 282 2204 curid
299 2147 497 2215 celebrantur3
528 2165 725 2221 consensuque
745 2147 872 2203 omnium
896 2147 981 2220 legati
1003 2147 1037 2203 ad
1060 2147 1115 2204 Ca·

152 2225 261 2280 millum
276 2226 306 2280 in
320 2238 422 2289 castra,
447 2236 530 2298 atque
545 2223 612 2279 inde
632 2225 771 2298 permissu
793 2224 907 2280 Camilli
929 2223 1054 2281 Rumam
1076 2227 1111 2280 ad

152 2313 293 2368 senatum,
307 2303 355 2376 qui
369 2303 507 2358 dederent
528 2300 665 2368 Falerios,
686 2301 913 2376 proficiscuntur.
955 2301 1148 2360 Introductie

153 2379 187 2435 ad
200 2390 331 2436 senatum
347 2380 386 2436 ita
399 2379 485 2436 locuti
500 2379 668 2438 tradunturr
710 2379 836 2435 “Patres
850 2379 1014 2453 conscripti,
1028 2379 1114 2436 vieto·
1147 2447 1155 2454 .

153 2466 172 2494 ⁶⁶
182 2457 234 2528 rid,
248 2457 295 2513 cui
308 2476 363 2514 nec
377 2457 457 2513 Deus
471 2475 525 2512 nec
540 2457 624 2513 homo
637 2457 784 2530 quisquam
806 2452 940 2526 invideat,
954 2456 1023 2514 victi
1037 2476 1054 2512 a
1067 2475 1114 2514 vo·
1130 2451 1142 2458 ”

154 2544 172 2569 “
183 2533 225 2590 bis
239 2545 268 2590 et
282 2529 448 2609 imperatore
464 2545 564 2600 vestro,
579 2533 712 2592 dedimus
723 2553 775 2591 nos
788 2533 882 2602 vobis;
897 2535 950 2590 rati
962 2533 1033 2609 (quo
1041 2534 1111 2590 nihil

153 2621 172 2647 ⁴⁶
182 2612 280 2668 victori
294 2612 441 2687 pulchrius
454 2612 508 2682 estl
530 2611 635 2668 melius
649 2630 701 2670 nos
714 2612 768 2670 sub
781 2611 900 2686 imperio
914 2622 1015 2683 vestro,
1028 2609 1113 2686 qudm

153 2689 294 2765 “legibus
308 2691 420 2756 nostris,
435 2690 566 2746 victuros.
608 2689 720 2748 Eventu
746 2689 831 2764 hujus
853 2689 918 2746 belli
933 2690 990 2746 duo
1010 2690 1148 2746 saluta-³⁰

152 2767 223 2824 “ria
235 2768 365 2842 exempla
384 2767 495 2842 prodita
519 2767 646 2824 humano
666 2767 765 2842 generi
786 2777 861 2824 sunt.
903 2765 966 2824 Vos'
976 2767 1061 2824 fidem
1084 2767 1113 2824 iu

153 2855 172 2880 ¹⁶
182 2845 265 2916 bello,
279 2845 362 2920 quim
378 2856 544 2919 presentem
559 2845 717 2912 victoriam,
732 2844 887 2902 maluistis:
909 2863 969 2914 nos,
984 2845 1040 2901 lide
1053 2863 1115 2919 pro-

153 2933 171 2958 ·‘
182 2923 283 2990 vocati,
296 2924 441 2980 victoriam
464 2922 536 2978 ultro
556 2922 719 2979 detulimus
762 2922 824 2978 Sub
837 2923 947 2996 ditione
965 2924 1057 2979 vestrl
1070 2941 1115 2979 su·

153 3011 172 3037 “
183 3021 255 3058 mus.
297 3001 413 3066 Mittite,
427 2999 475 3075 qui
490 3017 577 3070 arma,
599 2999 647 3073 qui
671 3000 794 3070 obsides,
820 3000 868 3073 qui
884 3001 982 3056 urbem
996 3000 1115 3074 patenti·

153 3089 172 3116 ⁸⁶
185 3079 237 3136 bus
257 3080 343 3154 portis
357 3079 508 3153 accipiant.
550 3077 615 3134 Nec
630 3095 677 3134 vos
699 3077 764 3134 fidei
785 3089 900 3149 nostrae,
922 3096 977 3134 nec
998 3097 1051 3134 nos
1064 3078 1150 3134 im·³⁵

153 3157 251 3232 “perii
266 3157 358 3226 vestri,
373 3155 552 3232 penitebit?
593 3155 715 3213 Camillo
728 3167 758 3212 et
770 3155 807 3210 ab
828 3156 955 3212 hostibus
976 3166 1005 3212 et
1018 3175 1035 3212 a
1048 3154 1116 3212 ciri·

151 3235 206 3292 bus
218 3235 317 3310 gratiae
332 3247 412 3293 aetae.
453 3233 582 3303 Faliscis,
597 3233 627 3290 in
641 3233 814 3308 stipendium
825 3233 947 3290 militum
961 3233 1023 3308 ejus
1037 3233 1114 3304 anni,

152 3323 184 3370 ut
210 3313 329 3387 populus
356 3313 505 3369 Romanus
532 3311 637 3368 tributo
663 3322 784 3382 vacaret,
815 3312 938 3386 pecunia
970 3312 1114 3386 imperata.

152 3389 230 3448 l’ace
244 3391 319 3457 data,
334 3389 477 3448 exercitus
491 3389 614 3446 Romam
629 3389 773 3446 reductus.

193 3545 340 3603 XXVIII.
376 3545 525 3616 Camillus,
553 3545 668 3602 meliore
693 3545 783 3603 multo
807 3547 901 3612 laude,
923 3545 1007 3622 qudm
1029 3558 1150 3619 quunrto

153 3625 375 3699 triumphantem
398 3624 454 3680 albi
477 3642 526 3697 per
540 3623 646 3680 Urbem
662 3636 796 3682 vexerant
809 3625 884 3697 equi,
906 3624 1026 3698 insignis
1036 3624 1116 3697 justi-

154 3703 193 3760 rit
210 3703 331 3776 fideque,
347 3703 473 3757 hostibus
489 3701 583 3771 victis,
602 3719 689 3773 quum
705 3703 733 3757 in
748 3701 854 3758 Urbem
880 3702 1008 3766 redisset,
1031 3701 1116 3756 tacite
