2620 4220
144 305 205 366 ω
537 301 607 352 τιτι
625 301 706 350 arvu

146 447 254 508 sooibm
274 443 385 511 edocet,
407 463 564 518 quoscum
592 443 627 501 iis
653 443 791 501 mittebat
846 442 913 519 Ipse
934 444 999 503 luce
1020 445 1117 520 primi

145 525 242 602 copias
254 541 355 582 ornnes
376 522 503 597 peditum
518 522 700 597 equitumque
722 523 750 578 in
766 520 858 578 aciem
873 523 981 582 eduxit.
1023 523 1116 583 Pauld

144 602 208 681 prist
220 613 250 659 et
263 601 299 658 ab
313 601 478 657 Hannibale
492 602 606 676 signum
619 619 724 675 pugne
739 599 912 674 propositum
926 612 979 671 est,
993 602 1117 662 clamor·

145 699 199 757 que
221 680 250 736 in
272 679 373 736 castris
394 679 429 735 ad
450 698 528 736 arma
549 679 769 736 discurrentium
793 689 837 734 est
862 679 1008 737 sublatus:
1023 689 1028 712 ¹
1044 681 1115 739 iude

144 777 232 834 eques
246 758 389 834 pedesque
402 757 533 815 certatim
547 756 634 832 portis
647 773 740 822 ruere,
765 773 799 822 ac
812 755 899 830 palati
914 775 964 832 per
978 775 1113 834 campum
1137 771 1152 811 s

144 855 295 912 properare
310 836 345 892 ad
360 837 465 892 hostes.
505 835 590 895 Quos
605 834 652 890 ubi
666 833 772 890 effusos
785 835 885 890 consul
898 835 984 908 videt,
998 837 1115 895 tribuno

144 915 266 972 militum
281 913 370 970 tertiae
391 913 512 988 legionis
534 913 568 970 C.
584 911 782 986 Aurunculejo
805 911 935 986 imperat,
957 927 989 971 ut
1002 915 1115 990 equites

144 991 276 1068 legionis,
289 1003 395 1066 quanto
409 991 533 1048 maximo
551 991 659 1066 impetu
679 989 777 1064 possit,
799 989 837 1054 iu,
851 991 961 1048 bostem
981 993 1113 1050 emittatt

146 1081 164 1106 ‘⁴
178 1071 226 1136 ita,
254 1087 388 1145 pecorum
410 1069 495 1126 modo
515 1068 727 1144 incompositos,
754 1077 813 1124 toto
833 1067 937 1142 passim
958 1089 1061 1146 campo
1081 1089 1114 1128 se

146 1147 293 1214 ufodisse,
321 1157 351 1204 nt
373 1148 461 1204 sterni
482 1147 637 1221 obterique,
658 1145 822 1220 priusquam
844 1147 1029 1219 instruantur,
1050 1161 1151 1224 pos-ro

145 1225 263 1282 “sint'’

186 1381 284 1440 XLII.
306 1382 443 1441 Nondum
453 1382 599 1440 Hannibal
614 1401 630 1440 e
641 1381 742 1440 castris
753 1381 874 1454 exierat,
885 1399 972 1455 quum
984 1401 1115 1459 pugnau-

145 1460 217 1518 tium
232 1460 385 1517 clamorem
400 1461 526 1518 audivit:
548 1461 651 1536 itaque,
675 1460 787 1516 excitus
799 1459 933 1527 tumultu,
956 1461 1057 1536 raptim
1076 1463 1115 1520 ad

146 1539 255 1596 hostem
270 1539 366 1613 copias
381 1539 447 1614 agit.
489 1538 555 1598 Jaur
570 1540 675 1614 primos
694 1547 884 1612 occupaverat
904 1549 1035 1613 equester
1058 1549 1115 1596 ter·

145 1633 208 1672 ror:
239 1617 366 1692 peditum
381 1617 467 1674 etiam
488 1617 580 1693 prima
600 1616 675 1693 legio
688 1625 718 1673 et
737 1616 837 1673 derna
857 1615 902 1692 ala
916 1616 1045 1692 proelium
1060 1617 1151 1674 ini-1⁵

146 1693 224 1750 bant.
267 1694 454 1770 Inoompositi
469 1697 573 1765 hostes,
589 1708 620 1752 ut
632 1713 773 1770 quemque
787 1703 836 1750 aut
859 1695 947 1770 pediti
963 1705 1012 1752 ant
1024 1695 1115 1770 equiti

145 1772 355 1845 caansobtulit,
383 1774 422 1830 ita
449 1783 736 1831 conseruntmanus.
779 1773 892 1829 Crescit
906 1791 1002 1848 pugna
1022 1774 1115 1831 subsi-

145 1849 210 1918 diis,
225 1862 254 1908 et
268 1851 494 1927 procurrentium
516 1853 552 1910 ad
572 1862 717 1908 certarnen
732 1869 851 1908 numero
873 1862 1012 1927 augetur:
1043 1871 1116 1928 pug-

145 1941 307 2005 nantesque
323 1931 412 2005 (quod
427 1931 481 1988 nisi
503 1931 533 1988 iu
548 1942 642 1998 vetere
657 1929 794 2000 exercitu,
809 1939 838 1986 et
851 1929 919 1986 duci
934 1930 1021 1986 reteri
1036 1930 1114 1988 haud

145 2008 231 2065 facile
244 2009 301 2087 est)
327 2009 400 2066 inter
414 2009 566 2066 tumultum
590 2027 625 2065 ac
645 2017 780 2064 terrorem
801 2007 981 2065 instruxisset
1002 2007 1151 2066 Hanni-so

145 2087 202 2154 bal,
217 2087 247 2144 ni
261 2088 422 2145 cohortium
436 2106 471 2144 ac
496 2086 704 2162 manipulorum
728 2086 941 2142 decurrentium
955 2105 1006 2160 per
1025 2087 1115 2145 colles

145 2164 319 2236 clamantib
343 2179 423 2242 tergo
452 2165 575 2233 auditus,
603 2175 719 2234 metum,
751 2182 788 2220 ne
818 2163 1115 2223 intercluderentura

146 2243 255 2314 castris,
270 2243 426 2318 injecisset.
466 2243 539 2300 Inde
552 2261 637 2318 pavor
652 2243 794 2309 incussus,
808 2252 838 2298 et
851 2242 919 2318 fuga
932 2241 1037 2319 passim
1051 2243 1114 2302 fieri

146 2332 239 2395 coepta
265 2333 327 2377 est:
362 2322 511 2394 minorque
532 2321 626 2377 codes
646 2319 707 2390 fuit,
740 2321 807 2394 quia
834 2321 1028 2396 propinquitas
1052 2329 1120 2379 cas'

145 2409 249 2454 trorum
267 2398 422 2456 breviorem
438 2398 533 2474 sugam
556 2398 695 2474 perculsis
708 2398 786 2456 fecit.
827 2397 946 2474 Equites
966 2400 1043 2456 enim
1057 2410 1151 2457 ter-aa

144 2495 183 2552 go
196 2475 393 2534 inherebant:
416 2477 444 2534 in
459 2489 618 2534 transversa
630 2477 719 2534 latera
739 2477 901 2534 invaserunt
915 2478 1054 2548 cohortes,
1069 2497 1114 2535 se-

146 2553 249 2612 cundis
273 2555 393 2614 collibus
419 2556 464 2613 vii
495 2555 574 2613 nudi
595 2575 629 2613 ao
651 2555 728 2612 facili
749 2556 943 2612 decurrentes.
997 2555 1114 2614 Tamen

146 2651 232 2709 supra
244 2645 310 2691 octo
324 2634 412 2692 millia
427 2635 573 2692 hominum
588 2635 703 2703 occisa3
735 2653 819 2709 supra
838 2634 1034 2710 septingentos
1048 2653 1115 2710 cap-

145 2712 184 2770 ti:
214 2712 296 2789 signa
310 2713 442 2770 militaria
456 2731 558 2770 novem
580 2713 731 2788 adempta:
765 2713 910 2788 elephanti
921 2770 924 2776 ,
934 2713 1031 2785 etiam,
1044 2731 1114 2787 quo-

145 2809 208 2848 rum
223 2791 318 2848 nullus
333 2810 401 2848 usus
416 2791 443 2848 in
459 2791 608 2866 repentinis
629 2811 663 2849 ac
684 2791 868 2848 tumultuarii
891 2793 989 2866 pugni
1010 2791 1149 2860 suerat,oo

145 2882 265 2946 quatuor
277 2870 375 2939 occisi,
397 2871 454 2928 duo
474 2870 559 2944 capti.
614 2870 701 2927 Circa
721 2870 893 2945 quingentos
914 2869 1113 2926 Romanorum

145 2949 342 3025 sociorumque
367 2949 487 3006 victores
509 2948 685 3004 ceciderunt
728 2948 844 3005 Postero
864 2947 911 3004 die
935 2947 1114 3022 Poenusqui-

145 3028 219 3084 evit:
241 3027 401 3094 Romanus,
417 3027 446 3084 in
461 3027 552 3086 aciem
568 3027 658 3102 copiis
671 3023 792 3094 eductis,
808 3037 955 3101 postquam
967 3026 1113 3083 neminem

144 3103 228 3180 signa
249 3107 348 3162 contri
369 3105 571 3172 efferre'vidit,
594 3105 683 3180 spolia
706 3104 762 3179 legi
776 3123 914 3162 caesorum
928 3105 1063 3176 hostiurn,
1084 3114 1115 3162 et

145 3201 260 3240 suorum
275 3201 393 3260 corpora
407 3185 509 3242 collata
532 3185 562 3241 in
580 3203 669 3242 unum
685 3182 796 3258 sepeliri
807 3183 900 3258 jussit.
943 3183 1027 3240 lude
1038 3184 1149 3240 inse-as

144 3261 298 3337 quentibur
311 3263 456 3319 coutinuis
470 3263 572 3320 diebus
585 3263 691 3338 aliquot
704 3262 743 3318 ita
757 3261 858 3320 institit
870 3262 968 3336 portis,
980 3271 1011 3326 ut
1024 3261 1113 3337 prope

146 3339 250 3396 inferre
265 3339 347 3416 signa
361 3340 520 3411 t·ideretur;
552 3342 645 3399 donec
660 3339 805 3397 Hannibal
825 3340 907 3396 tertii
929 3340 1036 3416 vigilia,
1050 3357 1113 3397 cre·

145 3417 203 3475 bris
217 3418 332 3494 ignibus
346 3417 602 3495 tabernaculisque,
624 3437 686 3496 quae
708 3437 773 3493 pars
795 3428 952 3476 castrorum
966 3419 1001 3476 ad
1017 3419 1112 3476 hostes

145 3495 289 3574 vergebat,
304 3509 333 3556 et
346 3497 376 3555 N
379 3497 482 3554 umidis
495 3499 606 3572 paucis,
624 3498 673 3572 qni
687 3497 716 3554 in
731 3496 803 3553 vallo
816 3496 959 3572 portisque
974 3515 1004 3554 se
1017 3507 1113 3556 osten·

145 3577 257 3647 derent,
285 3565 401 3648 relictis,
423 3575 566 3650 proiectus
593 3575 728 3650 Apuliam
750 3585 846 3650 petere
867 3575 999 3633 intendit.
1053 3573 1147 3635 Utin

145 3653 247 3722 illuxit,
262 3655 401 3712 successit
414 3652 486 3710 vallo
507 3651 641 3709 Romana
662 3653 756 3710 acies:
785 3663 821 3709 et.
837 3653 972 3710 Numine
986 3671 1023 3710 ex
1035 3671 1113 3711 com·

145 3731 238 3804 posito
251 3733 393 3809 paulisper
414 3731 443 3790 in
464 3730 552 3806 pmtis
572 3747 603 3786 se
617 3729 745 3804 valloque
758 3732 953 3800 ostentavere3
975 3729 1113 3790 frustrati-
