2632 4224
570 345 674 394 muna
690 345 710 394 1.
730 357 792 396 cxx.
805 360 847 396 ar.
1159 349 1197 409 51

234 499 357 549 conatus
377 487 502 560 videbat,
524 498 585 544 tum
606 507 622 544 e
644 487 703 544 suis
723 507 812 544 unum
826 487 1003 546 sciscitatum
1018 487 1145 546 Romam
1161 487 1198 547 ad

233 580 343 645 patrem
359 567 453 632 mittit,
468 567 604 640 quidnam
619 585 649 622 se
672 566 766 624 lacere
788 568 891 624 volletl
911 567 1152 642 quandoquidem,
1166 579 1199 626 ut

133 672 144 684 .
233 648 333 704 omnia
346 665 420 702 unus
434 646 534 701 Gabiis
549 655 652 718 posset,
675 645 701 702 ei
724 643 773 701 Dii
796 646 952 702 dedissent.
995 645 1073 702 Huic
1087 647 1197 717 nuntia,

235 726 303 800 quia
329 725 444 800 (credo)
473 724 568 779 dubia.
583 723 650 780 fidei
664 724 823 796 videbatur,
847 725 918 780 nibil
940 741 1009 780 voce
1030 743 1197 799 responsum

168 836 176 846 ·
214 814 296 861 aest:
309 822 389 870 ·.rex,
404 803 482 859 velut
502 802 754 869 deliberabundus,
777 803 806 858 in
830 804 943 860 hortum
967 803 1071 858 redium
1086 803 1197 872 transit,

235 893 370 956 sequente
389 881 491 937 nuntio
513 880 580 936 lilii:
611 881 660 952 ibi,
683 881 864 938 inambulans
885 881 999 946 tacitns,
1022 899 1132 936 summa
1152 899 1200 956 pa-

234 977 368 1035 paverum
396 960 491 1034 capita
511 959 616 1016 dicitnr
645 959 747 1016 baculo
767 959 937 1016 decussisse.
992 958 1200 1034 Interrogando

195 1040 202 1055 ¹
234 1038 483 1112 exspectandoque
497 1056 663 1112 responsum
678 1038 796 1094 nuntius
811 1038 912 1110 lessus,
927 1047 958 1093 ut
971 1055 1002 1092 re
1024 1037 1199 1110 imperfecta,

235 1117 309 1173 redit
318 1117 442 1183 Gabios;
463 1135 526 1190 quae
547 1115 651 1172 dixerit
671 1116 740 1190 ipse,
762 1133 882 1192 quaeque
897 1116 1007 1184 viderit,
1022 1115 1126 1171 refert:
1148 1133 1200 1172 seu

204 1194 288 1260 inira,
302 1213 353 1250 seu
367 1195 442 1260 odio,
457 1213 506 1250 seu
530 1195 662 1269 superbia
684 1195 768 1252 insita
790 1194 917 1268 ingenio,
939 1193 1047 1250 nullam
1071 1211 1138 1250 eum
1154 1211 1200 1249 vo-

226 1288 300 1328 ·cem
321 1273 457 1330 emisisse.
510 1274 597 1329 Sexto
613 1272 670 1344 ubi,
692 1273 761 1345 quid
783 1273 866 1328 vellet
886 1291 999 1347 parens,
1013 1271 1116 1346 quidve
1130 1289 1200 1346 pra:-

235 1351 344 1425 ciperet
357 1351 452 1408 tacitis
466 1351 644 1426 ambagibus,
659 1351 767 1425 patuit;
796 1351 933 1424 primores
955 1349 1087 1416 civitatis,
1106 1349 1201 1405 crimi-

234 1430 330 1486 nando
344 1429 414 1486 alios
429 1429 504 1504 apud
519 1429 664 1504 populum,
687 1429 757 1486 alios
771 1429 824 1485 sua
846 1429 920 1503 ipsos
943 1427 1050 1484 invidia
1069 1437 1201 1501 opportu-

165 1547 169 1554 ·
234 1526 296 1574 nos,
309 1507 473 1565 interemit:
494 1507 576 1580 multi
591 1506 702 1582 paldm3
723 1508 849 1580 quidam,
865 1507 894 1564 in
908 1507 1012 1581 quibus
1026 1506 1125 1562 minus
1139 1523 1201 1580 spe·

201 1608 226 1647 15
235 1587 312 1642 ciosa
326 1587 488 1642 criminatio
499 1595 562 1642 erat
576 1585 678 1656 lutura,
694 1586 767 1642 clam
782 1585 936 1642 interlecti.
979 1584 1074 1640 Patuit
1087 1584 1201 1658 quibus·

107 1661 109 1666 ’
235 1665 299 1740 dam
314 1665 474 1720 volentibus
489 1664 565 1738 l'uga,
581 1675 630 1720 aut
651 1665 679 1720 in
701 1665 832 1720 exsilium
854 1665 910 1720 acti
936 1673 1011 1733 sunt,
1027 1663 1201 1718 absentium·

234 1762 288 1816 que
313 1743 387 1799 bona
405 1743 487 1818 juxta
508 1754 592 1816 atque
614 1743 847 1820 interemptorum
869 1742 972 1798 divisui
1000 1740 1089 1796 suere.
1131 1739 1200 1795 Lar·

235 1821 351 1895 gitionis
379 1822 445 1878 inde
480 1821 639 1895 praedasque
667 1831 696 1878 ct
724 1819 878 1877 dulcedine
908 1819 1009 1895 privati
1045 1817 1199 1888 commodi,

234 1917 336 1955 sensns
363 1899 501 1955 malornm
524 1899 702 1972 publicorum
725 1900 831 1968 adirni3
865 1899 967 1968 donec,
991 1897 1061 1952 orba
1081 1895 1201 1952 consilio

199 1977 404 2051 aoauxilioque,
426 1977 540 2033 Gabina
561 1995 607 2034 res
628 1977 688 2052 regi
703 1978 837 2034 Romano
857 1977 920 2033 sine
939 1976 996 2032 ulla
1016 1974 1201 2031 dimicatione

234 2055 263 2110 in
278 2073 397 2111 manum
412 2055 540 2112 traditur.

275 2207 358 2266 LVF'
373 2210 473 2266 Gabiis
494 2212 625 2286 receptis,
640 2211 818 2286 Tarquinius
831 2231 941 2288 pacem,
953 2231 1020 2270 cum
1042 2213 1200 2288 AEquorum

233 2297 321 2364 gente
343 2289 428 2356 lecit:
464 2289 556 2345 soedus
577 2309 643 2346 curn
665 2290 774 2347 Tuscis
794 2291 946 2348 renovavit.
994 2292 1067 2348 Inde
1094 2294 1129 2349 ad
1151 2311 1224 2350 ne·‘

233 2367 310 2440 gotia
334 2367 442 2423 urbana
456 2369 583 2424 animum
605 2369 763 2425 convertit:
799 2389 918 2444 quorum
932 2385 992 2426 erat
1013 2371 1147 2448 primurn,
1170 2383 1202 2430 ut

199 2443 313 2507 ardoris
327 2445 463 2520 templum
486 2445 516 2502 in
539 2457 634 2503 moute
656 2447 792 2523 Tarpejo‚
815 2459 1030 2506 monumentum
1053 2451 1134 2524 regui
1156 2452 1200 2506 sui

233 2523 423 2598 nominisque,
439 2524 628 2597 relinqueret:
671 2525 845 2600 Tarquinios
867 2545 949 2602 reges
966 2528 1074 2593 ambos,
1089 2540 1201 2601 patrem
1221 2551 1223 2558 ’

233 2602 351 2673 vovisse,
367 2602 456 2658 filium
471 2602 632 2676 perfecisse.
676 2603 722 2676 Et,
739 2617 769 2660 nt
783 2605 871 2661 libera
891 2623 907 2660 a
932 2607 1044 2661 caeteris
1059 2606 1201 2680 religioni·

234 2679 288 2734 bus
302 2699 368 2736 area
382 2691 457 2737 esset
471 2691 529 2736 tota
553 2681 632 2738 Jovis
653 2683 807 2758 templique
829 2683 901 2758 ejus,
923 2684 998 2756 qnod
1015 2683 1201 2758 inaedificare·

233 2768 289 2828 tur,
303 2777 480 2834 exaugurare
503 2759 569 2815 lana
589 2761 749 2834 sacellaque
772 2761 870 2818 statuit
878 2781 885 2831 3
917 2781 980 2834 quaa
1003 2761 1112 2836 aliquqt*
1129 2761 1201 2822 ibia

199 2835 321 2898 anTatio
335 2855 412 2912 rege,
427 2837 554 2912 primurn
569 2838 598 2894 in
624 2839 685 2911 ipso
707 2839 872 2896 discrimine
887 2841 1031 2896 adversus·
1042 2839 1199 2898 Romulum

233 2933 336 2989 pugne
351 2927 425 2987 vota,
447 2929 616 2974 consecrata
638 2917 861 2993 inaugurataque
878 2931 976 2993 postea
989 2919 1109 2974 fuerant.
1150 2918 1201 2980 In-

233 3003 277 3048 ter
291 2994 431 3068 principia
445 2995 589 3052 condendi
612 2996 695 3070 liujus
716 2999 820 3070 operis,
842 2997 961 3067 movisse
976 3015 1083 3052 numen
1108 2997 1143 3062 ad
1159 2997 1201 3054 in·

233 3071 387 3128 dicandam
402 3073 473 3128 tanti
488 3073 598 3147 imperii
620 3075 722 3130 molem
745 3075 864 3132 traditur
889 3075 982 3132 Deos:
1011 3093 1088 3146 nam,
1111 3093 1200 3150 quum

232 3151 360 3206 omniurn
389 3151 556 3208 sacellorum
585 3153 823 3227 exaugurationes
852 3155 1035 3210 admitterent
1065 3173 1140 3222 aves,
1170 3155 1200 3212 iu

199 3251 225 3289 ω
235 3227 365 3286 Termini
380 3229 511 3286 lanonon
521 3231 667 3288 addixere.
691 3229 725 3286 Id
734 3249 818 3288 omen
831 3235 1036 3308 auguriumque
1052 3234 1201 3308 itaaccep-

234 3315 295 3362 tum
310 3316 370 3375 est;
399 3326 455 3365 uon
472 3319 576 3366 motam
592 3309 724 3371 Termini
748 3310 857 3377 sedern,
881 3331 1025 3386 unumque
1042 3329 1108 3368 eum
1124 3312 1201 3369 Deo-

234 3403 297 3440 rum
319 3403 375 3442 nou
396 3397 544 3443 evocatum
573 3387 691 3444 sacratis
719 3388 772 3444 sibi
793 3389 908 3456 finibus,
931 3391 1011 3446 firma
1032 3391 1200 3466 stabiliaque

233 3473 339 3520 cuncta
353 3465 531 3538 portendere.
574 3465 640 3522 lloc
654 3469 850 3542 perpetuitatis
867 3469 994 3542 auspicio
1013 3481 1142 3544 accepto,
1157 3487 1201 3526 se·

233 3553 331 3600 cuturn
346 3543 435 3610 aliud,
450 3544 676 3619 magnitudinem
699 3547 809 3621 imperii
834 3548 1017 3620 portendens,
1039 3549 1199 3624 prodigium

197 3631 284 3682 apest.
339 3621 435 3696 Caput
462 3623 629 3689 humanum,
658 3624 768 3701 integral
789 3625 872 3691 sacie,
887 3626 1079 3700 aperientibus
1100 3627 1201 3682 lunda·

233 3701 330 3756 merita
352 3701 449 3774 templi
470 3701 574 3758 dicitur
596 3704 777 3777 apparuisse:
811 3722 874 3776 quae
896 3704 955 3760 visa
976 3705 1095 3777 species,
1124 3703 1199 3759 hand

233 3796 283 3852 per
297 3779 443 3854 ambages,
458 3798 554 3858 arcem
568 3799 631 3837 eam
656 3781 767 3856 imperii
788 3791 930 3855 caputque
945 3797 1039 3838 rerum
1061 3781 1123 3837 lore
1134 3795 1202 3857 ¹por·
