2630 4228
519 338 625 389 LIBER
640 339 684 389 Vl.
712 354 827 392 casn.
1108 343 1166 403 143

195 477 239 544 Q,
249 478 390 538 Publilius
404 481 510 538 tribuni
525 481 633 557 plebis,
653 481 765 543 “Quid
791 482 905 538 Patrum
920 492 950 538 et
970 481 1062 556 plebis
1076 493 1166 542 certa-

197 567 294 616 “meu
319 560 441 616 facimus
445 562 540 634 ,quod
563 561 687 616 civitatis
704 579 770 616 esse
793 561 927 616 adversus
949 579 1037 616 unum
1053 563 1166 644 pestife-

146 678 150 686 ·
197 645 290 695 “rum
319 639 410 694 civem
434 607 538 695 debetl
579 638 661 698 Quid
687 657 752 694 eum
775 639 858 712 plebe
881 639 1062 714 aggredimur
1089 657 1177 711 eum,

197 723 313 790 “quem
328 737 377 790 per
392 718 483 791 ipsam
497 717 608 796 plebem
624 717 712 772 tutius
722 717 837 804 aggredi
851 727 904 782 est,
916 728 945 772 ut
957 718 1015 773 suis
1027 718 1086 792 ipse
1097 737 1167 774 one·

175 801 216 862 5“
228 809 305 862 ratus
316 796 423 851 viribus
435 769 517 851 ruatl
540 795 623 850 Diem
634 795 731 850 dicere
740 814 767 850 er
761 795 878 850 uobis'
872 813 899 850 rn
910 796 1005 850 animo
1013 807 1073 851 est:
1094 796 1166 852 nihil

198 879 217 909 ‘⁶
228 893 322 930 mrrrus
335 874 470 948 populare
492 891 576 948 quarn
600 885 718 948 regnum
735 884 786 940 est.
829 873 920 928 Simul
945 873 1096 932 multitudo
1119 874 1168 930 illa

198 958 216 989 ‘⁶
229 972 285 1008 non
302 971 400 1008 secum
416 953 518 1008 certari
540 952 670 1021 viderint,
684 963 723 1008 et
745 970 781 1006 ex
805 952 950 1008 advocatis
971 953 1085 1026 judices
1099 953 1167 1009 sacti

198 1036 216 1066 “
229 1041 321 1102 erunt,
335 1043 364 1086 et
379 1042 560 1090 accusatores
582 1031 618 1086 de
633 1030 725 1104 plebe,
747 1029 896 1103 patricium
917 1049 996 1086 reum
1016 1031 1168 1086 intuebun-

198 1116 216 1146 “
228 1121 282 1178 tur,
297 1121 326 1165 et
340 1111 419 1184 regni
435 1109 544 1164 crimen
560 1109 589 1164 in
604 1108 718 1176 medi03
740 1107 811 1164 nulli
826 1109 927 1183 magis,
942 1108 1028 1182 quam
1043 1109 1167 1165 libertati

165 1194 217 1250 10“
229 1187 363 1259 latebunt
377 1188 464 1243 suae.”

237 1344 306 1401 XX;
342 1343 576 1420 Approbantibus
600 1343 723 1415 cunctiS,
737 1344 814 1400 diem
830 1343 940 1400 Manlio
954 1345 1071 1402 dicunt:
1093 1346 1169 1420 quod

198 1425 245 1480 ubi
261 1436 304 1479 est
319 1421 543 1497 sactum,primb
558 1435 711 1478 commota
723 1423 802 1496 plebs
824 1433 877 1494 est,
899 1423 996 1496 utique
1020 1435 1169 1498 postquam

198 1503 373 1578 sordidatum
389 1500 468 1556 reum
484 1502 635 1567 viderunt;
665 1519 720 1556 nec
735 1520 801 1556 curn
823 1521 857 1556 eo
882 1519 938 1557 uon
954 1499 1038 1558 modd
1053 1502 1169 1558 Patrum

198 1599 380 1654 quemquam,
397 1580 447 1634 sed
462 1598 499 1635 ne
513 1593 651 1654 cognatos
665 1580 779 1652 quidem
796 1579 962 1646 autaffiues',
978 1579 1120 1654 postremo
1132 1599 1169 1637 ne

168 1682 190 1721 15
200 1659 299 1714 fratres
309 1655 438 1732 quidem,
455 1659 491 1712 A.
506 1669 536 1713 et
550 1657 588 1714 Τ.
605 1657 747 1713 Manlios:
782 1658 857 1731 quod
872 1659 907 1714 ad
922 1678 988 1714 eum
1004 1660 1081 1714 diem
1095 1679 1170 1716 nun·

199 1755 282 1811 quarn
309 1755 361 1791 usu
385 1737 517 1801 venisset,
540 1747 570 1792 ut
596 1738 623 1791 in
645 1747 725 1791 tanto
746 1736 911 1792 discrimine
934 1757 992 1792 non
1007 1749 1035 1793 et
1049 1737 1169 1811 proximi

200 1827 304 1871 testem
321 1825 484 1870 mutarent.
506 1815 562 1888 Ap.
578 1814 722 1870 Claudio
717 1833 744 1869 m
761 1815 874 1870 vincula
888 1816 1035 1881 duoto,C
1051 1816 1170 1872 Claudi·

200 1913 246 1950 um
277 1893 425 1949 inimicum
463 1893 671 1982 Claudiamque
704 1912 818 1950 omnem
853 1905 968 1982 gentem
997 1894 1169 1950 sordidatam

201 1972 304 2028 luisse·
337 1990 479 2027 couseusu
502 1971 622 2046 opprimi
647 1971 812 2044 popularem
837 1973 937 2036 virum,
961 1972 1035 2044 quod
1060 1973 1170 2046 primus

166 2070 217 2111 soa
242 2051 374 2106 Patribus
397 2051 431 2105 ad
454 2050 567 2124 plebem
590 2049 751 2106 defecisset
792 2049 894 2110 Quum
919 2050 981 2105 dies
996 2050 1083 2120 venit,
1097 2069 1170 2124 quae,

201 2143 302 2204 praeter
316 2138 407 2184 coetus
421 2128 611 2185 multitudinis
619 2127 825 2221 seditiosasque
842 2147 933 2196 vacce,
949 2140 977 2184 et
991 2128 1171 2202 largitionem

201 2219 242 2262 et
246 2207 331 2262 fallax
347 2207 481 2261 iudicium
486 2204 679 2295 ,pertinentia
698 2207 808 2280 proprie
831 2207 865 2261 ad
889 2207 968 2280 rigni
991 2207 1110 2275 crimen,
1136 2207 1172 2262 ab

203 2285 416 2341 accusatoribus
430 2285 541 2358 objecta
556 2285 612 2339 siut
627 2303 684 2350 reo,
705 2285 779 2360 apud
806 2285 950 2340 neminem
965 2297 1109 2342 auctorem
1130 2285 1173 2341 in·
1205 2325 1210 2340 .

202 2365 304 2418 venio:
326 2382 382 2418 nec
397 2313 495 2418 dubiio
511 2363 585 2418 haud
598 2362 798 2451 pervaluisse,
820 2383 906 2437 quum
923 2365 1077 2419 damnandi
1093 2383 1173 2420 mora

168 2442 276 2516 asplebi
291 2446 351 2497 non
368 2442 395 2496 iu
411 2443 506 2508 causa,
532 2441 604 2496 sed
596 2461 626 2496 m
642 2441 714 2511 loce,
731 2409 823 2498 fuerit.
867 2441 940 2498 Illud
956 2443 1111 2499 notandum
1135 2444 1173 2499 vi-

202 2522 293 2578 detur,
310 2535 340 2576 ut
353 2521 446 2575 sciant
461 2520 600 2584 homiues,
616 2535 678 2592 quae
693 2531 720 2576 et
735 2533 841 2594 quauta
855 2521 959 2577 decora
974 2522 1049 2576 soeda
1063 2521 1173 2594 cupidi-

202 2609 244 2654 tas
258 2599 412 2673 regui'uon
439 2598 550 2672 ingrata
572 2598 675 2666 solum,
700 2599 750 2653 sed
774 2599 864 2654 invisa
885 2600 980 2666 etiarn,
1007 2599 1172 2656 redidderit.

204 2677 344 2732 Homines
358 2679 441 2750 prope
457 2677 681 2765 quadringentos
705 2677 871 2750 produxisse
891 2677 1005 2746 dicitur,
1019 2677 1122 2749 quibus
1137 2677 1173 2733 si·

203 2775 239 2810 ne
255 2755 361 2810 soeuore
376 2774 518 2828 expensas
533 2755 669 2829 pecunias
692 2755 810 2824 tulisset,
835 2773 953 2828 quorum
971 2755 1045 2810 bona
1065 2756 1171 2826 venire

169 2834 352 2906 aequosduei
373 2833 502 2916 addictos
528 2833 724 2906 prohibuisset.
769 2833 815 2888 Ad
839 2835 909 2900 hmo,
933 2833 1036 2888 decora
1058 2852 1172 2906 quoque

204 2913 268 2967 belli
284 2931 341 2968 non
363 2905 603 2967 commemorasse
618 2913 741 2980 tautum,
756 2911 806 2966 sed
823 2879 970 3000 protulisse
993 2911 1079 2966 etiam
1104 2930 1173 2967 con-

198 2991 370 3063 spicienda3
392 2991 480 3063 spolia
495 2989 617 3046 hostium
633 3009 769 3050 caesorum
796 2991 831 3044 ad
854 2990 978 3064 triginta,
998 2989 1093 3044 dona
1087 3008 1174 3064 impe

160 3101 164 3106 -
203 3079 326 3124 ratorurn
343 3069 378 3123 ad
393 3056 640 3142 quarlragiuta;
634 3087 662 3122 rn
685 3068 809 3141 quibus
803 3068 930 3142 insignes
955 3068 1026 3123 duas
1051 3068 1174 3125 murales

204 3165 333 3216 coronae,
348 3147 454 3202 civicas
468 3160 549 3203 octo:
583 3147 619 3202 ad
646 3147 716 3212 haec,
742 3159 866 3201 servatos
891 3165 926 3200 ex
949 3147 1077 3202 hostibus
1096 3147 1174 3204 cives

169 3225 389 3299 asproduxisse3
413 3225 485 3280 inter
499 3243 570 3299 quos
584 3224 617 3280 C.
635 3225 785 3280 Servilium
802 3224 968 3298 magistrum
983 3227 1110 3298 equitum
1126 3226 1175 3281 ab·

199 3314 313 3358 ‘sentem
328 3305 525 3372 nominatum3
560 3315 589 3358 et
603 3322 689 3376 quum
715 3321 754 3358 ea·
776 3321 895 3376 quoque,
920 3323 983 3377 quae
1007 3305 1080 3360 bello
1094 3315 1176 3379 gesta

203 3392 307 3449 essent,
333 3402 382 3456 pro
405 3382 517 3456 fastigio
539 3401 633 3437 rerum
655 3381 782 3436 oratioue
805 3383 890 3437 etiam
912 3383 1075 3458 magnifici,
1100 3382 1175 3440 sacta

204 3461 288 3516 dictis
303 3461 452 3533 nequando,
468 3461 662 3527 memorasset,
678 3459 802 3516 nudasse
814 3473 915 3534 pectus
930 3461 1041 3536 insigne
1062 3462 1175 3518 cicatri-

204 3539 286 3594 cibus
309 3539 382 3595 bello
408 3540 553 3612 acceptis;
583 3549 617 3594 et
642 3539 809 3604 identidem,
834 3539 1007 3612 Capitolium
1030 3556 1174 3614 spectans,

170 3617 305 3673 sudorem
321 3618 453 3690 Deosque
469 3619 538 3673 alios
552 3617 652 3672 devoee‘
661 3636 706 3672 sse
729 3619 762 3674 ad
780 3618 917 3674 auxilium
939 3617 1115 3673 fortunarum
1130 3635 1176 3672 su·

206 3715 306 3752 aruru:
328 3709 514 3770 precatusque
530 3705 658 3766 esseut,
673 3713 756 3769 quarn
773 3707 897 3752 mentem
913 3696 966 3750 sibi
982 3695 1175 3768 Capitolinam

206 3795 301 3831 arcem
316 3777 476 3850 protegenti
491 3776 526 3832 ad
542 3773 660 3830 salutem
676 3776 770 3848 populi
795 3773 921 3831 Romani
941 3774 1095 3841 dedissent,
1111 3792 1175 3828 eam
