2630 4228
147 332 192 392 ω
509 363 512 368 -
544 332 614 382 stri
631 333 712 381 trvu

149 489 305 546 gressuque
329 473 526 548 impotentium
552 476 730 532 dominorum
752 495 782 532 se
803 475 983 534 amovissent.
1036 477 1116 539 Post·

149 566 233 622 quam
249 549 327 608 citati
343 571 399 609 non
415 553 633 623 conveniebant,
657 554 766 610 dimissi
788 554 865 610 eirea
886 555 985 610 domos
1006 559 1115 632 appari·

149 635 234 704 teres,
256 629 339 698 simid
379 630 445 704 dpi
469 649 537 688 nora
568 633 717 706 capienda,
748 632 1020 706 sciscitandumque,
1046 655 1139 692 num»

147 704 280 760 consultu
302 649 429 764 abdeca
483 710 520 764 tl
562 709 698 775 reserum,
727 721 857 766 senatum
886 711 914 766 in
947 712 1023 785 agria
1043 732 1113 772 esse.
1167 735 1172 744 ’

148 779 260 838 Laetiris
275 785 301 840 id
317 786 487 842 decemviris
501 787 616 858 accidit,
638 787 724 861 quiam
749 787 772 842 si
788 800 941 862 praesentes
954 790 1113 848 detrectare
1134 811 1148 850 s

147 857 297 932 imperium
320 863 465 920 referrent
507 864 615 920 tubem
635 865 723 921 acciri
744 883 854 935 omnes,
875 880 1062 940 senatumque
1084 870 1113 925 in

146 935 224 991 diem
240 953 382 1012 posterum
397 943 533 1010 edicunt3
558 943 605 1016 qui
620 942 765 1016 aliquanti)
780 961 830 1017 spe
845 943 968 1017 ipsorum
985 945 1114 1018 l'requen·

146 1013 200 1070 tior
221 1020 371 1075 comenit:
393 1039 449 1092 quo
462 1020 537 1076 fac-to
551 1022 689 1094 proditam
711 1039 728 1076 a
748 1020 880 1076 Patribus
901 1023 980 1096 plebs
1001 1023 1113 1080 liberta-

146 1100 203 1146 tem
219 1106 289 1166 rata,
303 1097 375 1170 quad
392 1099 435 1167 iis,
446 1099 494 1170 qui
506 1098 565 1173 jam
581 1099 745 1174 tnagistratu
771 1099 905 1164 abssem,
932 1101 1111 1175 privatisque,

145 1168 170 1226 si
186 1169 226 1226 ris
241 1174 361 1241 abesset,
376 1186 519 1249 tamquam
541 1175 604 1251 jure
626 1176 806 1286 cogeptibus,
828 1191 945 1244 sequtus
963 1181 1111 1260 paruisset.
1123 1149 1187 1259 roll,
1263 1185 1265 1188 ’

674 1277 714 1315 l'w
750 1292 753 1301 ¹
823 1278 825 1300 ²
897 1283 927 1314 'tl
1033 1265 1038 1289 ¹*
1065 1261 1144 1310 l·'ll⁵s
1167 1280 1278 1326 ¹21¹..⁸.,

257 1295 267 1315 c
305 1288 354 1316 “l
413 1297 491 1322 tat·
542 1285 641 1318 rr*·¹¹·i
689 1311 693 1318 .
775 1301 826 1318 ιη

185 1326 333 1388 ΧΧΧΙΧ.
367 1331 424 1389 Sed
440 1334 531 1408 magis
554 1332 720 1388 obedienter
741 1345 856 1388 ventum
878 1333 1037 1390 incuriam
1058 1347 1112 1404 est,

144 1407 232 1478 quim
253 1411 376 1467 obnoxia
400 1402 494 1467 ‘dietas
515 1411 671 1468 sententias
692 1412 864 1484 accepimus.
915 1411 948 1467 L.
967 1413 1111 1470 Valerium

142 1471 280 1559 Pontum,
294 1489 434 1562 proditum
458 1489 600 1546 memoria
622 1501 678 1554 est,
696 1502 758 1562 post
773 1489 937 1546 relationem
961 1496 1009 1563 tp.
1026 1493 1112 1547 Clau·

144 1558 195 1632 dii,
210 1567 370 1640 priusquam
382 1567 483 1623 ordine
494 1567 643 1624 sententie
657 1578 832 1641 rogarentur,
848 1568 1016 1642 postulando
1032 1582 1061 1625 ut
1075 1570 1110 1626 de

144 1643 288 1714 republica
304 1643 404 1701 liceret
417 1645 524 1710 dicere,
539 1645 754 1720 prohibentibus
768 1645 917 1701 minaciter
932 1647 1109 1716 decenniris,
1121 1671 1146 1709 15

143 1722 318 1787 proditurum
331 1741 361 1777 se
376 1723 411 1778 ad
426 1723 537 1796 plebem
552 1723 779 1789 denuntiantem,
791 1724 943 1780 tumultum
958 1724 1101 1780 excivisse

144 1791 209 1852 Nec
225 1798 318 1856 mimis
333 1799 463 1856 ferociter
487 1805 523 1859 ll.
548 1801 699 1856 Horatium
723 1800 875 1857 Barbatum
891 1802 946 1856 isse
970 1802 998 1857 in
1021 1818 1111 1858 certa·

142 1891 221 1940 men,
244 1878 373 1934 “decem
398 1878 598 1953 Tarquinios”
620 1879 817 1952 appellantem,
840 1879 1109 1953 admonentemque,

143 1952 297 2012 “Valeriis
317 1968 346 2013 et
367 1955 494 2014 Horatiis
515 1957 637 2012 ducibus
658 1956 752 2030 pulsos
773 1975 873 2030 reges:
909 1975 964 2012 nec
985 1959 1110 2014 nominis

143 2029 162 2062 “
175 2034 305 2090 homiues
319 2048 378 2091 tum
394 2046 542 2109 pertaesum
558 2053 638 2101 esse;
666 2034 769 2108 quippe
791 2053 847 2107 quo
859 2034 959 2090 ,lovem
975 2036 1144 2108 appellarim

143 2108 161 2140 “
174 2113 216 2168 las
229 2113 275 2177 sia
296 2132 352 2186 quo
369 2113 524 2170 Romulum
548 2113 724 2169 conditorem
750 2112 835 2178 urbis,
861 2112 1053 2188 deincepsque
1069 2133 1110 2170 re-

143 2187 224 2266 “ges
248 2192 418 2264 appellatos3
449 2192 524 2265 quod
539 2191 628 2246 sacris
648 2190 745 2253 etiarn,
768 2202 798 2245 ut
819 2191 946 2265 solenne,
969 2203 1108 2246 retentum

143 2266 161 2296 “
174 2271 218 2324 sit.
268 2269 437 2344 Superbiam
464 2269 680 2342 violentiamque
702 2279 760 2323 tum
783 2287 897 2341 perosos
917 2270 1012 2342 regis:
1046 2288 1109 2341 quae

143 2345 198 2402 “si
220 2347 249 2402 iu
272 2365 338 2422 rega
359 2361 419 2403 tum
434 2348 546 2413 codem,
561 2358 610 2402 aut
624 2346 652 2402 in
668 2345 725 2402 filio
746 2346 829 2420 regis.
847 2345 961 2401 serenda
977 2365 1033 2402 non
1050 2347 1110 2400 loe·

143 2422 161 2452 “
174 2425 247 2492 rint3
281 2443 365 2498 quem
386 2425 509 2482 laturum
533 2427 561 2481 in
583 2439 623 2481 tot
643 2423 781 2498 privatisl
827 2422 974 2494 Videient,
995 2443 1041 2487 ne,
1064 2443 1143 2482 reas

143 2501 304 2558 “tandein
326 2503 408 2559 curib
429 2503 519 2560 libere
545 2503 676 2560 homines
692 2501 777 2576 loqui,
792 2514 872 2558 extra
893 2503 1001 2558 curiam
1023 2503 1108 2558 retiam

143 2579 161 2615 “
175 2593 321 2638 moverent
335 2599 450 2638 vocem:
471 2600 563 2656 neque
577 2600 608 2637 se
631 2581 736 2650 videre,
757 2582 805 2656 qui
820 2581 873 2636 sibi
890 2581 983 2636 mimis
1003 2581 1110 2654 privato

142 2658 208 2716 “ad
224 2660 392 2716 concionem
408 2661 541 2735 populum
558 2677 669 2726 vocare,
682 2660 766 2732 quam
783 2659 838 2714 illis
851 2671 980 2714 senatum
996 2677 1108 2732 eogere,

85 2787 88 2792 .
142 2737 268 2794 “liceat
311 2738 366 2795 Ubi
394 2740 507 2803 vellent,
535 2736 868 2815 experirentur,‹prantii
890 2736 1010 2792 ferocior
1030 2736 1110 2792 dulor
1137 2764 1157 2778 ¹·
1192 2741 1214 2781 ‘a
1267 2731 1297 2798 i„

55 2859 57 2864 -
142 2815 302 2874 “libertate
316 2817 370 2874 sud
391 2816 571 2881 vindicanda,
593 2817 677 2889 quim
701 2815 844 2889 cupiditas
854 2815 962 2890 ,injusta
983 2815 1143 2871 domina-ao

142 2894 161 2928 “
174 2897 260 2957 tione,
276 2907 358 2952 esset.
402 2893 446 2950 De
460 2894 533 2950 bello
547 2893 655 2950 Sabino
669 2912 718 2949 eos
733 2894 856 2960 referre3
886 2906 1028 2968 tamquam
1052 2911 1109 2948 rna·

142 2973 217 3047 “jus
234 2973 320 3028 ullum
337 2971 438 3047 populo
452 2972 587 3028 Romano
610 2971 713 3026 bellum
739 2972 784 3034 sit,
806 2969 890 3044 quam
911 2991 976 3028 oum
993 2971 1035 3040 iis,
1049 2970 1131 3046 (illle,

143 3052 161 3084 ‘⁶
174 3053 272 3125 legum
285 3051 464 3107 ferendarum
489 3053 573 3106 eausa
596 3049 685 3106 creati
711 3049 862 3123 nibiljuris
885 3051 1045 3124 infimitate
1068 3069 1109 3104 re

142 3130 161 3163 “
175 3129 322 3202 liquerint:
344 3130 391 3202 qui
407 3129 533 3200 comitia,
547 3128 595 3202 qui
611 3145 721 3182 annuos
735 3128 925 3204 magistratus,
939 3128 986 3200 qui
1004 3127 1109 3182 vicissi-

141 3207 300 3264 “tudinem
316 3205 495 3281 imperitandi
511 3205 598 3280 (quod
613 3223 701 3260 unum
717 3205 898 3278 exaequandae
907 3206 942 3260 sit
958 3205 1143 3282 libertatis)as

142 3285 359 3352 “ss‘ustulerint3
381 3285 428 3358 qui
444 3285 542 3358 privati
559 3284 651 3340 fasces
671 3295 699 3338 et
720 3283 829 3358 regium
853 3283 1000 3358 imperium
1025 3285 1109 3340 babe-

114 3358 116 3364 ’
142 3369 160 3400 “
174 3377 231 3420 ant.
282 3361 393 3428 Fuisse,
409 3362 524 3436 regibus
538 3362 656 3425 exacue,
671 3361 804 3434 patricios
826 3363 1006 3437 magistratus
1029 3382 1108 3418 erea-

143 3443 237 3506 “tom
255 3453 365 3516 postea,
380 3452 442 3514 post
455 3439 647 3496 secessionem
673 3439 770 3513 plebia,
787 3440 918 3514 plebejos.
962 3440 1052 3513 Cujus
1067 3439 1106 3494 illi

141 3520 261 3595 “partis
282 3518 427 3576 essentl”
449 3518 579 3592 rogitare.
619 3517 827 3592 “Popularesl
861 3518 927 3590 quid
959 3518 1036 3573 enim
1058 3535 1107 3573 ecs

61 3623 64 3631 ·
141 3603 223 3673 “per
243 3597 377 3673 populum
399 3597 515 3671 egissel
556 3594 736 3668 Optimatasl
769 3595 816 3670 qui
844 3613 919 3650 anno
937 3595 995 3670 jam
1018 3598 1141 3670 propert

141 3681 162 3714 “
173 3688 303 3733 senatum
320 3695 374 3731 non
392 3674 558 3740 habuerint,
581 3686 650 3728 tunc
665 3673 704 3729 ita
719 3675 851 3737 habeant,
867 3688 896 3729 ut
910 3674 945 3728 dc
961 3675 1105 3747 republica

142 3757 248 3830 “loqui
265 3754 452 3830 prolribeantl
493 3752 540 3808 Ne
555 3752 674 3808 nimium
696 3752 725 3806 in
748 3747 824 3809 metu
839 3753 932 3808 alieno
945 3754 1004 3827 spei
1021 3773 1107 3828 pone·
