2630 4228
144 333 200 394 174
542 331 612 381 'lm
629 327 713 381 lelt

140 471 279 546 utrimque
292 473 372 530 erede
386 473 498 539 initum,
513 483 542 530 et
555 491 619 547 pars
633 473 706 529 ereis
720 481 803 546 eapte
816 481 868 528 est.
909 467 1037 527 Tentata
1050 464 1100 535 de·

140 551 206 608 inde
219 569 269 624 per
282 551 353 608 duos
366 563 409 608 est
422 551 529 625 exigue
542 551 621 625 pacis
644 569 717 624 spes,
741 549 881 615 Alconem
897 547 1097 622 Saguntinum,

139 639 168 684 et
181 628 317 684 Alorcum
333 629 504 703 Hispanum.
545 628 650 698 Aleon,
666 627 762 684 inseiis
775 625 951 701 Saguntinis,
965 625 1098 699 precibus

139 705 244 778 aliquid
260 716 399 762 moturum
416 717 502 778 ratus,
516 725 602 779 quum
626 706 662 761 ed
679 703 869 760 Hannibalem
886 713 972 760 noctu
987 703 1099 759 transis·

139 793 191 848 set,
205 794 351 856 postquam
367 783 436 840 nihil
451 783 582 857 laerymae
603 782 764 848 movebant,
789 781 1022 854 conditionesque
1037 780 1098 836 tris·
1120 792 1135 832 ³

138 870 190 926 tes,
207 870 238 916 ut
252 861 287 917 ab
302 860 372 918 irato
386 861 500 932 victore,
515 860 687 926 ferebantur,
702 859 849 933 transfuga
869 874 904 914 ex
915 857 1098 915 oratorefen-
1178 899 1180 904 .

138 938 290 1012 tus,epud
322 939 431 995 hostem
460 937 578 1006 mansit;
613 937 778 993 moriturum
803 935 956 1004 affirmans,
976 935 1024 1009 qui
1044 935 1098 991 sub

139 1015 350 1071 conditionibus
364 1015 407 1070 his
421 1015 456 1070 de
470 1033 541 1089 pace
556 1026 661 1089 ageret.
704 1013 900 1070 Postulabatur
916 1025 1020 1078 autem,
1034 1013 1106 1068 red·-

139 1092 239 1148 derent
253 1112 297 1148 res
311 1091 505 1160 Turdetanis,
526 1093 684 1165 traditoque
697 1092 775 1149 omni
791 1109 859 1147 euro
873 1101 955 1164 atque
970 1099 1098 1164 argento,
1138 1126 1141 1131 -

139 1170 245 1244 egressi
268 1170 337 1226 urbe
359 1189 428 1226 oum
452 1169 571 1245 singulis
598 1169 774 1226 vestimentis
795 1168 834 1224 ibi
859 1169 1027 1238 babitarent,
1048 1167 1097 1224 ubi
1108 1180 1134 1220 1⁰

139 1246 265 1303 Poenus
255 1248 393 1322 Jussisset.
435 1248 497 1304 Hes
511 1247 590 1322 pacis
603 1246 682 1321 leges
707 1247 850 1310 abnuente
872 1245 983 1304 Alcone
997 1263 1099 1319 aecep-

138 1336 215 1380 turos
229 1323 412 1400 Saguntinos,
418 1324 648 1414 Alorous,'v1noi
670 1324 788 1394 animos,
811 1323 859 1379 nbi
870 1323 926 1378 alia
939 1323 1097 1392 vineantur,

139 1401 290 1472 affirmans,
311 1421 342 1459 se
362 1403 441 1476 pacis
461 1403 523 1477 eJ'us
543 1403 725 1475 interpretem
747 1401 805 1457 fore
827 1400 985 1475 pollicetur.
1026 1399 1098 1458 Erat
1186 1431 1188 1434 ·

125 1477 234 1535 ‘autem
255 1490 314 1536 tum
336 1481 417 1536 miles
431 1479 613 1545 Hannibalis,
638 1477 773 1536 eaeterdm
794 1477 907 1552 publice
930 1477 1098 1552 Saguntinis

138 1557 248 1613 amiens
262 1567 345 1630 etque
364 1557 474 1632 hospes
515 1557 636 1616 Tradite
656 1556 750 1630 polim
772 1556 828 1616 telo
850 1555 1015 1612 custodibus
1036 1555 1096 1612 hos
1107 1567 1132 1606 1⁵

138 1635 219 1700 tium,
234 1645 427 1709 transgressus
440 1635 627 1700 munimenta,
641 1635 676 1690 ad
690 1645 837 1708 pretorem
850 1633 1040 1708 Saguntinum
1056 1634 1098 1706 (et

138 1711 197 1785 ipse
212 1711 251 1767 ita
261 1711 394 1800 jubebat)
408 1722 451 1768 est
464 1710 623 1770 deductus:
654 1711 709 1785 qud
722 1729 808 1784 quum
823 1710 964 1784 extemplo
978 1729 1098 1768 ooneur·

137 1807 185 1844 sus
206 1789 300 1846 omnis
323 1789 436 1864 generis
464 1789 611 1846 hominum
631 1800 707 1846 esset
721 1789 828 1859 ¹,fractus
842 1788 978 1844 submoti
994 1787 1098 1844 oaetere

138 1865 329 2001 Jnultitudine,
350 1878 465 1924 senatus
486 1866 592 1925 Alorco
616 1867 698 1926 datus
718 1875 780 1924 est:
814 1866 896 1941 eujus
924 1865 988 1922 talis
1008 1865 1163 2004 οταῑίοωΙ
1161 1885 1225 1978 J:
1215 1904 1221 1939 J

150 1955 209 2001 utt
225 1958 244 1988 ἱ
1057 1989 1059 1993 .

176 2101 264 2158 ΧΙΙΙ.
286 2105 304 2138 “
317 2103 389 2160 Si'
363 2104 433 2162 ervis
454 2115 545 2162 vester
567 2102 670 2174 Aleon,
691 2101 765 2158 siout
779 2100 813 2158 nd
828 2119 929 2178 paoem
944 2099 1096 2175 petendam

136 2181 155 2212 “
165 2180 200 2236 ad
216 2181 409 2238 Hannibalem
424 2182 509 2248 venit,
532 2181 572 2238 ita
592 2181 670 2255 pacis
692 2179 869 2236 conditiones
883 2174 919 2236 ab
935 2178 1098 2235 Hannibale

136 2258 270 2315 “advos
298 2259 448 2324 retulisset,
478 2276 721 2332 supervacaneum
749 2257 803 2312 hoe
824 2257 894 2312 milri
915 2256 1040 2314 luisset'
1034 2270 1096 2346 iter,

136 2337 219 2408 “quo
239 2347 407 2392 uenerator
429 2335 609 2406 Hannibalis
630 2354 685 2391 nee
706 2335 859 2408 transfuga,
881 2334 916 2390 ad
939 2353 986 2390 vos
1008 2334 1097 2406 venis-

136 2414 154 2448 “
163 2431 232 2480 sem.
273 2412 373 2472 Quum
388 2412 445 2479 ille,
460 2423 509 2468 aut
523 2413 614 2468 vestri
628 2423 676 2468 eut
690 2413 743 2468 sud
756 2413 849 2487 culpi,
872 2413 1008 2468 manserit
1022 2413 1096 2486 apud
1105 2427 1132 2466 m

136 2489 284 2556 “bostem,
307 2489 344 2566 (si
367 2501 474 2546 metum
488 2489 652 2562 simulavit,
666 2490 718 2546 suis
730 2509 737 2558 ;
773 2491 871 2560 vestrl,
892 2489 916 2546 si
937 2489 1096 2563 perieulum

135 2572 206 2624 “est
220 2569 294 2643 apud
309 2587 358 2625 vos
369 2587 436 2624 vera
447 2568 648 2645 referentibus)
657 2587 722 2644 ego,
736 2587 772 2624 ne
784 2567 961 2642 ignoraretis
973 2586 1035 2623 esse
1048 2566 1097 2624 ali·

135 2651 154 2684 “
163 2665 233 2721 quas
247 2660 275 2704 et
289 2647 387 2703 salutis
400 2657 429 2704 et
442 2647 521 2722 paeis
542 2647 621 2703 vobis
644 2646 833 2716 conditiones,
847 2664 896 2720 pro
911 2655 1020 2702 vetusto
1033 2645 1097 2702 hos-

136 2730 154 2762 “
164 2725 232 2799 pitio
246 2726 321 2799 quod
335 2725 404 2782 milri
419 2726 564 2782 vobiscum
584 2735 636 2794 est,
659 2724 754 2780 advos
770 2723 841 2779 veni.
883 2723 987 2778 Vestri
1000 2733 1096 2779 autem

135 2809 153 2840 “
163 2805 250 2860 causei
271 2823 327 2870 me,
349 2822 404 2860 nee
425 2803 509 2860 ullius
523 2803 646 2870 alterius,
661 2801 746 2876 loqui,
760 2807 823 2874 qu'ae
837 2801 934 2874 loquor
949 2801 1023 2874 apud
1037 2813 1137 2872 rosas.

135 2888 153 2919 “
165 2881 205 2938 vel
219 2901 254 2938 ea
269 2882 338 2938 fides
352 2882 397 2946 sil,
412 2881 498 2954 quod,
514 2899 605 2954 neque
620 2881 688 2936 dum
712 2879 811 2935 vestris
825 2879 931 2935 viribus
945 2879 1095 2946 restitistis,

135 2967 255 3034 “neque
278 2960 346 3016 dum
365 2959 469 3016 auxilia
490 2960 525 3014 ab
549 2958 685 3014 Romanis
706 2957 849 3032 speritstis,
869 2957 948 3031 pacis
971 2975 1095 3029 unquam

134 3039 237 3111 “apud
265 3057 313 3094 vos
334 3037 505 3094 mentionem
535 3036 598 3092 feei.
640 3021 791 3125 l'ostquam
819 3053 873 3090 neo
897 3035 933 3090 ab
955 3034 1096 3090 Romanis

135 3124 152 3155 “
163 3115 241 3171 vobis
256 3115 312 3172 ulle
326 3135 389 3190 spes
403 3127 455 3182 est,
470 3135 525 3172 nee
539 3126 631 3172 vestra
641 3113 700 3189 J'nm
715 3125 763 3169 aut
777 3131 911 3168 armuvos
926 3122 974 3168 aut
989 3111 1096 3167 moenia

135 3193 230 3248 “satis
244 3193 410 3262 defendunt,
426 3213 524 3282 pacem
541 3194 626 3249 affero
650 3193 685 3248 ad
708 3210 756 3250 vos
780 3191 871 3280 magis
895 3189 1094 3258 neeessariam,
1104 3203 1131 3243 ss

135 3271 246 3344 “quam
261 3289 388 3344 aequam:
408 3290 491 3346 quus
506 3284 544 3328 rte
558 3271 651 3344 alique
674 3289 738 3344 spes
752 3279 805 3340 est
827 3269 850 3324 si
874 3287 937 3324 eam
961 3267 1097 3340 quemad·
1173 3327 1175 3330 ,

135 3359 153 3390 “
162 3348 288 3418 modum,
303 3359 334 3404 ut
347 3348 445 3419 vietor,
461 3349 513 3405 lert
530 3348 683 3418 Hannibal,
707 3347 749 3402 sie
764 3366 812 3403 vos
826 3357 857 3402 ut
871 3346 937 3402 victi
953 3345 1094 3402 audiatis.

134 3425 186 3481 “si
206 3445 264 3482 non
281 3393 324 3492 id,
345 3425 420 3499 quod
442 3427 588 3496 amittitur,
602 3427 631 3481 in
646 3393 967 3498 dalmno(quumomnie
981 3423 1095 3480 victoris

133 3503 242 3582 “sint),
257 3503 316 3570 sed,
331 3503 466 3578 quidquid
481 3504 657 3578 relinquitur,
677 3522 727 3578 pro
741 3519 858 3558 munere
874 3501 995 3560 babituri
1016 3499 1093 3557 estis.

134 3581 267 3639 “Urbem
282 3581 361 3639 vobis
363 3601 468 3656 ,quem
483 3599 519 3638 ex
533 3584 636 3659 magna
657 3582 716 3656 jam
739 3591 818 3654 parte
833 3580 966 3645 dirutam,
981 3589 1131 3654 captarum

134 3660 219 3716 “lere
234 3671 319 3717 totam
334 3628 429 3731 habet,
444 3659 560 3727 adimit,
592 3678 674 3732 agros
698 3658 838 3730 relinquit,
861 3658 954 3714 locum
970 3658 1095 3732 assigna·

134 3749 249 3805 “turus,
271 3738 300 3794 in
321 3755 376 3811 quo
397 3755 501 3794 novum
521 3737 655 3810 oppidum
677 3735 840 3792 aedilieetis:
872 3754 972 3790 aurum
994 3751 1095 3810 argen-
