2620 4220
166 329 226 394 ως
574 324 746 378 mmmm

167 475 327 551 “ignorare
347 473 448 548 patiar.
490 471 586 546 Atque
599 471 709 528 utinam
724 472 797 560 haec,
819 489 882 545 quae
905 467 991 546 apud
995 488 1044 528 vos
1058 477 1142 534 actu·

168 556 243 610 “rus
257 572 330 642 sum,
345 551 464 608 Canusii
478 550 575 640 apud
568 569 661 624 ipsum
682 549 843 608 exercitum
858 562 984 625 agerem,
998 549 1140 625 optimum

167 635 298 688 “testem
312 631 433 706 ignaviae
454 629 593 719 ctrJ'usque
614 641 643 684 et
665 629 793 686 virtutis.
822 639 871 686 aut
884 647 959 684 unus
973 627 1021 684 hic
1035 629 1140 685 saltem

166 710 310 767 “adesset
323 709 355 766 Ρ.
369 707 565 784 Sempronius,
579 725 663 781 quem
685 707 709 764 si
735 707 781 764 isti
805 707 909 762 ducem
924 707 1016 763 secuti
1030 718 1139 774 essent,

122 794 128 804 '
166 789 300 846 “milites
314 788 399 846 hodie
414 786 556 844 incastris
569 785 720 857 Romanis,
729 805 787 842 non
799 785 904 859 captivi
916 785 945 842 in
955 785 1079 842 hostium
1090 805 1141 860 po-
1162 804 1175 844 ι

166 872 185 904 “
194 878 297 923 testate
306 867 418 924 esseutl
434 866 492 923 Sed
499 884 597 939 quum,
608 863 689 922 sessis
697 861 853 939 pugnando
862 863 1001 930 hostibus,
1010 873 1072 920 tum
1082 865 1141 921 vic·

167 951 186 984 ‘⁶
196 946 268 1002 torid
283 946 364 1016 latis,
379 955 408 1002 et
421 944 489 1020 ipsis
501 943 642 1018 plerisque
651 942 788 1017 regressis
796 942 826 1000 in
841 953 935 1000 castra
945 961 1007 1007 sua,
1022 953 1141 1000 noctem

167 1029 186 1064 “
196 1025 232 1080 ad
246 1024 454 1099 erumpendum
469 1022 589 1079 liberam
605 1021 780 1093 habuissent,
799 1033 829 1078 et
842 1029 951 1097 septem
966 1031 1142 1087 armatorum

167 1109 187 1142 “
197 1103 344 1160 hominum
357 1102 445 1174 millia
459 1119 640 1176 perrumpere
660 1099 751 1156 etiam
766 1099 908 1166 consertos
923 1100 1018 1158 hostes
1032 1100 1142 1174 potuis·

169 1190 187 1222 ‘⁴
197 1192 280 1248 sentr
302 1200 395 1255 neque
407 1199 457 1255 per
471 1199 502 1236 se
517 1179 570 1254 ipsi
585 1179 613 1236 id
629 1178 723 1236 facere
739 1178 925 1245 conari-sunt,
943 1197 1036 1252 neque
1051 1179 1140 1236 alium
1152 1197 1190 1237 ic-

167 1259 276 1333 “sequi
289 1259 448 1316 voluerunt.
469 1257 659 1332 Noctepropd
669 1257 727 1314 tctd
736 1257 768 1313 P.
778 1257 1142 1332 SemproniusTuditanus
1163 1312 1166 1316 .

167 1346 187 1378 “
198 1357 256 1404 non
271 1337 380 1395 destitit
394 1355 521 1408 monere,
536 1336 679 1393 adhortari
703 1355 764 1408 eos,
786 1336 855 1392 dum
870 1335 1000 1410 paucitas
1014 1336 1140 1394 hostium
1221 1379 1223 1384 -

168 1412 275 1474 “circa
289 1427 392 1484 castra,
407 1417 475 1472 dum
496 1415 578 1490 quies
601 1427 646 1470 ac'
658 1414 804 1472 silentium
828 1425 914 1481 esset,
939 1414 1008 1471 dom
1027 1433 1084 1472 non
1098 1415 1142 1472 in·

168 1491 312 1570 “ceptum
328 1505 446 1569 tegeret,
461 1511 492 1549 se
506 1493 610 1550 ducem
633 1504 837 1566 sequerentur:
872 1503 938 1550 ante
959 1493 1055 1550 lucem
1077 1513 1141 1568 per-

169 1573 295 1630 “venire
310 1573 339 1630 in
354 1584 415 1630 tuta
429 1572 502 1644 loca,
524 1572 553 1630 in
575 1571 717 1628 sociorum
733 1572 827 1638 urbes,
842 1591 934 1646 posse.
978 1571 1061 1628 Sicut
1074 1590 1140 1630 avo·
1150 1590 1174 1630 rs

163 1651 261 1708 “rum
286 1651 421 1708 memoria
445 1651 476 1707 P.
502 1649 621 1716 Decius,
650 1649 782 1706 tribunus
805 1650 928 1706 militiun
949 1650 979 1708 in
1001 1651 1139 1720 Samni03

168 1729 282 1801 “sicut,
297 1729 379 1786 nobis
398 1729 636 1798 adolescentibus,
661 1729 753 1803 priore
776 1728 889 1786 Punico
913 1728 998 1801 bello,
1019 1729 1140 1804 Calpur-

168 1807 262 1864 “nius
276 1808 407 1864 Flamma
420 1808 558 1866 trecentis
573 1807 748 1879 voluntariis,
770 1825 858 1882 quum
873 1807 909 1863 ad
934 1807 1075 1864 tumulum
1090 1827 1140 1864 eos

168 1887 188 1922 “
197 1887 380 1962 capiendum,
408 1886 493 1944 situm
522 1887 596 1944 inter
624 1886 734 1942 medios
763 1887 869 1953 hostes,
900 1886 1027 1956 duceret,
1057 1887 1139 1957 dixit,

168 1968 187 2002 ‘⁴
197 1970 205 1998 ‘
215 1965 382 2036 Moriamur,
397 1966 512 2038 milites,
526 1976 555 2024 et
569 1976 658 2022 morte
681 1967 777 2022 nostri
796 1963 955 2038 eripiamus,
964 1983 1001 2021 ex
1015 1965 1174 2022 obsidio-nn

168 2049 187 2082 “
197 2047 205 2080 ‘
216 2065 252 2102 ne
267 2040 490 2102 circumventas
501 2043 630 2120 legiones
642 2043 668 2112 ;’
697 2043 721 2100 si
743 2043 798 2100 hoc
813 2042 844 2099 P.
861 2043 1048 2118 Sempronius
1062 2043 1140 2100 dice-

169 2127 187 2162 “
197 2135 258 2194 ret·
279 2143 335 2180 nec
349 2124 423 2180 viros
436 2123 560 2213 quidem,
576 2141 631 2180 nec
645 2121 795 2180 Romanos
810 2141 858 2178 vos
873 2122 1001 2188 duceret,
1016 2122 1140 2180 sinemo

169 2207 285 2260 “tante
309 2197 419 2260 virtutis
442 2202 597 2258 exstitisset
621 2220 727 2258 comes.
770 2201 856 2258 Viam
882 2219 941 2268 non
962 2201 998 2257 ad
1018 2200 1140 2276 gloriam

169 2281 298 2382 “magis,
312 2279 396 2353 quim
412 2281 448 2336 ad
472 2280 602 2351 salutem,
626 2279 765 2338 serentem
786 2279 982 2347 demonstran
1017 2280 1140 2336 reduces
1176 2325 1179 2332 .

169 2347 227 2458 Σίιι
243 2358 372 2447 patriam,
387 2359 423 2414 ad
438 2369 579 2432 parentes,
595 2358 630 2414 ad
645 2358 784 2434 conjuges
805 2377 840 2414 ac
862 2357 967 2415 liberos
981 2357 1058 2416 lecit.
1100 2358 1175 2416 Utus

169 2425 361 2537 Zaervemini,
375 2436 456 2494 deest
477 2436 556 2492 vobis
577 2436 711 2492 animusl
742 2437 822 2511 quid,
842 2437 866 2494 si
887 2437 1066 2494 moriendum
1087 2453 1140 2512 pro

170 2504 288 2616 :patria
302 2525 386 2584 esset,
402 2514 558 2571 laceretisl
547 2513 822 2605 lQuinquaginta
835 2515 924 2580 millia
946 2516 1052 2572 civium
1066 2515 1139 2572 soci·

170 2583 336 2696 :torumque
351 2593 429 2650 circa
443 2613 492 2650 vos
505 2611 540 2651 eo
555 2593 616 2668 ipso
629 2594 676 2650 die
690 2613 765 2652 caesa
776 2594 894 2670 jacent:
915 2593 942 2654 si
954 2604 995 2652 tot
1008 2594 1141 2669 exempla

170 2663 311 2730 “virtutis
324 2692 382 2730 nou
405 2683 528 2744 movent,
544 2672 615 2730 nihil
630 2687 755 2746 unquam
780 2673 922 2730 movebit:
953 2673 978 2730 si
992 2672 1141 2730 tantacla·

170 2743 251 2809 “des
265 2751 349 2808 vilem
365 2751 450 2808 vitam
464 2771 521 2808 non
544 2751 622 2824 secit,
644 2751 723 2822 nulla
742 2751 836 2808 faciet.
879 2751 976 2808 Liberi
998 2762 1081 2826 atque
1096 2751 1140 2808 in·
1126 2767 1175 2808 -at

171 2823 327 2889 “columes
341 2831 502 2888 desiderate
517 2831 656 2906 patriam:
678 2831 766 2888 immo
780 2830 951 2898 desiderate,
966 2831 1034 2888 dum
1050 2830 1141 2905 patria

171 2905 251 2981 “est‚
266 2911 334 2966 dum
350 2909 428 2966 cives
442 2910 504 2984 eJ'us
517 2909 605 2969 estis·
626 2907 690 2966 serd
704 2928 783 2968 nunc
804 2909 983 2975 desideratis,
997 2908 1140 2972 deminuti

170 2984 304 3065 “capite,
319 2985 494 3044 abalienati
484 3006 547 3063 Jure
562 2980 678 3059 civium,
697 2988 770 3045 servi
786 2987 1068 3086 Carthaginiensium
1083 2987 1141 3044 fac·

171 3063 190 3096 “
200 3070 231 3126 ti.
273 3067 369 3124 Pretio
383 3066 500 3124 redituri
514 3066 582 3124 estis
593 3062 641 3155 ed,
655 3033 754 3122 rinde
747 3066 862 3142 ignavia
876 3073 911 3124 ac
925 3065 1052 3140 nequitia
1067 3065 1141 3122 abis-

172 3141 257 3204 “tist
300 3146 331 3204 Ρ.
347 3145 558 3236 Sempronium,
573 3143 665 3202 civem
680 3157 814 3212 vestrum,
837 3165 896 3208 non
918 3145 1046 3215 audistis,
1062 3160 1176 3202 armans

172 3220 304 3314 “capere
319 3242 353 3279 ac
367 3225 447 3298 sequi
462 3243 493 3280 se
504 3224 673 3299 jubentem:
709 3223 903 3280 Hannibalem
917 3222 1079 3298 postpauld
1092 3241 1142 3279 au
1202 3249 1206 3253 ·

173 3301 292 3368 “distis,
306 3313 402 3358 castra
417 3303 498 3377 prodi
522 3313 552 3360 et
575 3321 654 3361 arma
676 3302 750 3358 tradi
771 3302 930 3378 jubentem.
970 3300 1071 3362 Quam
1086 3319 1142 3376 ego

172 3380 346 3470 “ignaviam
360 3379 476 3436 istorum
492 3399 608 3470 accuso,
630 3399 718 3454 quum
742 3381 837 3438 scelus
856 3379 962 3456 possim
977 3377 1140 3437 accusaret
1192 3443 1194 3447 ,

173 3459 269 3517 “Non
284 3458 362 3516 enim
374 3457 485 3515 modd
475 3459 554 3532 sequi
569 3460 739 3516 recusarunt
752 3459 826 3516 bene
841 3469 1016 3548 monentem,
1027 3459 1078 3515 sed
1091 3458 1143 3515 cb-

173 3539 301 3596 “sistere
315 3557 350 3600 ac
363 3537 486 3594 retinere
497 3537 596 3594 conati
610 3549 686 3605 sunt,
701 3538 731 3596 ui
746 3538 852 3596 strictis
865 3537 1007 3613 gladiis
983 3538 1034 3594 vrri
1049 3536 1141 3594 sortis-
1150 3552 1177 3592 to

173 3618 267 3676 “simi
282 3617 388 3674 inertes
401 3615 618 3674 submovissent.
661 3617 757 3687 Prius,
780 3617 907 3691 inquam,
923 3617 954 3673 P.
970 3615 1142 3690 Sempronio

174 3699 253 3771 “per
266 3695 371 3752 civium
386 3713 500 3770 agmen,
514 3693 600 3768 quam
616 3713 667 3769 per
691 3695 825 3765 hostium,
847 3695 900 3752 fuit
921 3694 1142 3768 erumpendum.

174 3776 194 3810 “
203 3775 266 3832 Hos
278 3774 357 3832 cives
369 3773 460 3849 patria
473 3772 637 3830 desideretl
667 3791 788 3847 quorum
801 3773 826 3830 si
839 3772 937 3830 ceteri
950 3772 1059 3846 similes
1073 3771 1142 3828 suis-
