2630 4228
171 323 213 383 w
563 322 632 371 'l'l'l'l
651 321 735 370 mvn

174 463 220 520 his
230 479 292 537 quae
306 473 370 520 aeta
383 462 486 520 Romae
500 463 658 532 audierant,
673 461 837 537 perturbati,
851 461 962 519 allusio
978 461 1060 520 aliurn
1076 483 1138 540 par·

173 551 229 596 tem
255 541 478 612 castrorum,.ad
494 541 635 597 sedandos
658 553 749 598 motus
770 541 950 597 discurrunt:
984 555 1013 597 et
1036 543 1137 600 leuiter

173 619 323 692 agentibus
338 637 502 693 responsum
518 637 574 675 non
590 619 733 674 redditur:
766 617 914 692 imperium
939 619 962 674 si
987 620 1050 692 quis
1064 621 1138 676 inhi-

173 694 261 759 beret‚
283 705 301 730 ‘⁶
310 709 339 752 et
361 697 433 752 viros
455 707 485 752 et
508 711 630 752 armatos
653 715 684 752 se
705 695 798 760 esse,”
823 697 1017 770 respondetur.
1062 697 1139 755 Eunt

173 776 287 848 agmine
301 775 337 829 ad
353 774 457 832 Urbem
482 785 510 830 et
535 774 710 830 Aventinum
736 773 864 829 insidunt
872 793 879 841 ;
915 787 944 830 ut
958 775 1077 848 quisque
1091 795 1139 832 oe·
1159 785 1173 822 ⁵

172 863 309 916 currerat,
337 851 447 926 plebem
476 853 510 907 ad
540 853 723 926 repetendam
752 851 910 907 libertatern
943 854 1138 926 creandosque

172 929 302 985 tribunos
316 929 406 1003 plebis
419 929 621 986 adhortantes:
653 929 707 985 alia
727 928 785 986 vot(
804 929 882 985 nulla
906 929 1027 985 violenta
1041 931 1139 987 audita

172 1017 224 1062 est.
267 1009 404 1063 Senatum
420 1007 715 1081 Sp.0ppiushobet:
748 1007 818 1062 nihil
843 1007 937 1081 plaeet
958 1009 1057 1080 aspere
1072 1009 1137 1082 ngi;

121 1139 125 1150 ,
172 1085 286 1158 quippe
303 1085 340 1140 ab
361 1084 428 1158 ipsis
449 1087 547 1140 datum
569 1085 663 1140 locum
684 1085 832 1141 seditionis
857 1103 929 1140 esse.
986 1083 1139 1142 lllittuntur

176 1172 234 1218 tres
248 1162 332 1237 legati
347 1163 521 1230 consulares,
537 1164 586 1236 Sp.
600 1163 753 1237 l'arpejus,
768 1163 802 1218 C.
817 1161 920 1226 Julius,
934 1162 968 1218 P.
984 1163 1138 1237 Sulpicius,
1150 1173 1174 1210 1⁰

171 1241 220 1312 qui
235 1252 394 1313 quererent
408 1242 522 1296 senatus
536 1240 638 1312 verbis,
660 1247 678 1275 ‘⁶
690 1241 773 1316 eujus
793 1239 874 1314 jussu
895 1251 987 1296 eastra
1002 1241 1141 1296 deseruis-

172 1321 191 1351 ‘·
203 1319 290 1374 senti
312 1330 361 1374 aut
373 1319 440 1392 quid
455 1318 509 1374 sibi
524 1319 647 1386 -veilent,
672 1319 719 1392 qui
745 1318 845 1374 armati
870 1317 1046 1376 ,Aventinum
1060 1319 1141 1374 obse·

173 1398 192 1430 ‘⁴
202 1397 313 1452 dissent
319 1417 326 1464 ;
350 1396 478 1470 belloque
493 1414 591 1452 averso
605 1396 641 1451 ab
657 1396 793 1465 hostibus,
818 1395 934 1469 patriam
954 1415 1034 1451 suam
1047 1396 1142 1470 cepis·

174 1475 316 1530 “senti”
370 1473 438 1530 Non
465 1473 565 1540 defuit,
593 1474 661 1547 quid
688 1473 922 1548 responderetur:
957 1474 1064 1539 deerat,
1092 1473 1139 1547 qui

173 1551 253 1606 daret
268 1569 444 1626 responsum,
469 1551 548 1608 nullo
570 1551 638 1607 duro
653 1563 733 1608 eerto
754 1552 840 1622 duee,
861 1570 916 1607 nee
931 1551 999 1607 satis
1013 1551 1174 1612 audenti-1⁵

174 1629 227 1686 bus
240 1627 360 1704 singulis
375 1629 488 1684 invidiae
503 1649 533 1684 se
546 1629 657 1686 offerre.
700 1629 733 1684 ld
749 1629 832 1686 modd
847 1648 863 1684 a
876 1629 1058 1686 multitudiue
1074 1648 1142 1685 eon·

173 1707 326 1765 clamatum
341 1718 394 1773 est,
419 1711 480 1762 “ut
494 1706 527 1763 L.
544 1707 690 1763 Valerium
712 1718 741 1764 et
757 1707 796 1764 M.
813 1707 963 1764 Horatium
982 1708 1064 1763 adse
1078 1707 1142 1764 mit·

173 1788 191 1819 ‘¹
201 1797 314 1841 terent:
336 1784 381 1840 bis
394 1803 425 1841 se
439 1785 555 1844 daturos
569 1785 764 1860 responsum.''

149 1943 161 1976 t'
213 1941 263 1998 LI.
295 1939 551 2016 Dimissislogatis,
577 1941 712 1996 admonet
735 1941 840 1997 milites
855 1940 1013 2015 Virginius,
1038 1941 1095 1998 “in
1111 1959 1141 1998 re

173 2023 192 2055 “
202 2037 258 2076 noo
275 2020 395 2076 maximi
411 2018 495 2094 pauli
509 2016 576 2075 antri
596 2018 766 2093 trepidatum
791 2037 865 2084 esse,
890 2018 957 2092 quin
971 2018 1033 2074 sine
1047 2019 1177 2092 eapiteat

174 2103 193 2133 “
203 2097 353 2172 multitudo
368 2097 469 2154 suerit:
491 2115 723 2171 responsumque,
737 2115 908 2171 quamquam
924 2115 979 2153 uon
996 2096 1141 2166 inutiliter,

169 2171 317 2246 1‘5fortuilo
340 2187 435 2249 tamen
458 2175 549 2250 magis
575 2193 728 2238 consensu,
755 2175 840 2248 qudm
862 2175 1007 2231 communi
1022 2174 1142 2232 oonsilio

174 2245 273 2309 “esse
298 2241 433 2309 ..Ft'aoere
455 2253 556 2308 decem
578 2241 678 2320 ereaii,
700 2253 747 2326 qui
773 2270 892 2308 summae
916 2251 956 2307 rei
977 2263 1141 2326 praeessent,

173 2331 372 2404 “militarique
397 2331 504 2386 honore
530 2330 659 2388 tribunos
679 2329 809 2389 militum.
822 2329 987 2403 appettart’*
1039 2329 1141 2390 Quum

174 2410 211 2468 ad
240 2428 306 2465 eum
327 2409 420 2483 ipsum
448 2407 569 2482 primum
591 2409 615 2464 is
637 2409 726 2464 honos
746 2408 914 2479 deferretur,
942 2405 1175 2464 “Melioribustts

174 2494 194 2524 “
205 2487 275 2542 meis
290 2486 444 2559 vestrisque
460 2486 544 2542 rebus
568 2485 739 2552 reservate,’'
755 2486 855 2560 inquit,
869 2491 887 2518 ‘⁶
901 2485 954 2542 itta
973 2485 1009 2541 de
1031 2485 1081 2542 me¹
1099 2487 1143 2560 ju-

175 2564 288 2621 “dieitu
329 2563 396 2620 Nee
423 2563 492 2620 mihi
519 2563 578 2620 filia
605 2564 696 2620 inulta
717 2565 851 2620 honorem
874 2563 962 2620 ullum
980 2563 1142 2638 jucundum

175 2651 269 2699 “esse
295 2642 420 2718 patitur3
454 2660 510 2698 nee
530 2641 559 2698 in
580 2642 743 2716 perturbati
772 2642 916 2717 repubttot
940 2661 990 2698 eos
1011 2642 1079 2698 utile
1099 2653 1143 2698 est

175 2732 325 2796 “preesse
353 2719 440 2783 vobis,
461 2720 509 2794 qui
538 2720 657 2794 proximi
679 2720 793 2776 invidie
819 2720 884 2776 sint.
940 2721 970 2776 Si
992 2720 1055 2794 quis
1076 2739 1143 2776 usus

175 2807 191 2832 ‘⁴
205 2799 259 2855 mei
287 2809 340 2869 est,
367 2797 457 2854 nihilo
485 2798 576 2854 minor
597 2817 633 2854 ex
657 2797 934 2873 privatoeapietur.”
978 2797 1021 2854 lta
1040 2799 1177 2854 decemo

131 2871 132 2876 '
175 2895 295 2932 nurnero
309 2877 438 2932 tribunos
452 2875 588 2932 militares
602 2888 710 2933 creent.
752 2876 855 2950 Neque
870 2877 899 2932 iu
912 2876 1026 2932 Sabinis
1037 2876 1143 2950 quierit

174 2955 337 3012 exereitus:
359 2954 396 3010 ibi
412 2972 532 3028 quoque,
547 2965 664 3010 auetore
680 2953 761 3010 leilio
776 2955 1004 3028 Numitorioque.
1019 2953 1143 3010 secessio

176 3033 212 3088 ab
227 3033 397 3089 decemviris
412 3031 487 3088 faeta
499 3043 552 3104 est,
568 3051 624 3089 uon
647 3031 757 3090 minore
781 3044 859 3089 motu
878 3033 1037 3089 animorum
1054 3031 1143 3088 Siceii

175 3110 263 3166 cardis
277 3111 413 3169 memorial
428 3113 569 3182 revocate,
583 3108 669 3184 qutlm
693 3127 777 3183 quem
802 3129 875 3166 nova
895 3111 969 3166 lerna
982 3111 1018 3166 de
1034 3110 1143 3184 virgine

176 3187 385 3244 adeotoetttad
411 3188 559 3244 libidinem
584 3188 673 3264 petitti
694 3187 874 3244 accenderat.
917 3187 1179 3244 leiliuaubiau·³⁵
1247 3243 1250 3250 ,

178 3265 260 3326 divit,
275 3265 404 3322 tribunos
419 3266 538 3323 rnilitum
555 3267 582 3323 in
599 3266 744 3324 Aventino
767 3279 887 3331 oreatus,
912 3286 950 3324 ne
964 3267 1142 3324 comitiorum

177 3343 340 3402 militarium
356 3344 568 3418 prerogativam
584 3345 692 3402 urbana
706 3345 822 3402 comitio
837 3345 936 3402 iisdem
952 3345 1073 3402 tribunis
1087 3345 1144 3419 ple-

177 3421 221 3480 bis
235 3422 367 3486 creandis
380 3435 574 3496 sequeremur,
589 3423 697 3498 peritus
721 3442 814 3480 rerum
840 3419 1027 3498 poputariom,
1052 3422 1145 3477 immi-

177 3519 306 3574 nensque
320 3500 346 3557 ei
362 3500 502 3575 potestati,
523 3511 553 3556 et
567 3501 626 3574 ipse
651 3500 736 3576 pride,
760 3501 845 3575 quiam
862 3501 948 3557 iretur
969 3501 1004 3556 ad
1026 3499 1144 3566 Urbem,

198 3579 247 3636 ari
248 3590 393 3654 potestate
406 3579 538 3635 eumdem
565 3597 715 3635 numerum
738 3580 774 3635 ab
794 3579 853 3635 suia
874 3578 1029 3634 creandum
1053 3591 1180 3635 curante

178 3597 266 3714 l'ortai
280 3657 391 3714 Cotttnt
404 3657 522 3729 ¹Urbem
546 3656 685 3714 intravere
707 3657 761 3714 sub
784 3657 884 3732 signis,
908 3657 1055 3732 mediique
1076 3657 1145 3713 urbe

180 3736 296 3812 agmine
310 3736 340 3794 iu
361 3737 538 3794 Aventinum
555 3747 696 3812 pergunt:
731 3735 781 3803 ibi,
803 3735 951 3812 ooujuneti
966 3737 1044 3793 alteri
1067 3754 1146 3792 eaer-

1295 3765 1298 3916 l

1293 4087 1298 4186 l
