2630 4228
168 378 225 439 188
580 370 650 422 ‘rtur
666 370 751 420 Ltvtt

167 515 387 591 “‘Hispaniasl
422 524 452 572 et
472 513 539 572 inde
558 531 692 580 cesser03
730 511 760 568 in
782 508 912 566 Africam
934 507 1132 590 transcendes.

168 593 431 652 '“Transcendes’
453 601 549 649 autem
569 590 657 646 dicol
690 589 762 646 duos
788 586 920 646 consules
947 587 1032 662 hujus
1052 586 1133 654 anni,

168 676 185 703 ‘'
194 690 284 728 uuum
294 672 323 727 in
333 671 473 741 Africam,
482 668 600 724 alterum
612 667 642 724 in
654 665 823 740 Hispaniam
835 665 989 722 miserunt:
1004 665 1075 721 nihil
1086 682 1134 720 us-

169 748 377 823 “quamuobis
390 747 521 804 relictum
534 755 586 813 est,
595 743 650 802 nisi
658 743 734 817 quod
742 743 828 800 armis
836 742 1049 798 vindicarimus.
1071 741 1134 798 Illis

168 830 185 858 ‘'
195 826 303 884 timidis
312 836 341 882 et
350 823 616 900 ignavislicatesse,
630 821 678 894 qui
687 831 848 894 respectum
860 820 975 886 habent,
984 839 1054 893 quos
1064 837 1135 876 suus
1155 834 1170 874 ⁵

168 908 186 939 ‘⁶
195 922 274 980 ager,
288 922 340 960 sua
353 913 437 967 terra,
452 919 502 974 per
516 909 577 956 tuta
587 917 622 954 ac
635 908 737 972 pacata
750 898 853 954 itinera
861 897 1012 972 fugientes,
1028 896 1134 970 accipi·

168 980 245 1038 “ent
257 1000 263 1036 ε
286 980 364 1036 vobis
378 996 496 1035 necesse
507 976 677 1034 eratfortibu
689 974 756 1032 viris
773 993 848 1041 esse,
862 975 901 1040 et,
912 975 1046 1032 omnibus
1059 975 1134 1031 iuter

170 1057 341 1114 “victoriam
355 1067 508 1112 mortemve
523 1057 600 1110 certa
624 1053 822 1127 desperatione
846 1053 982 1126 abruptis,
1006 1063 1056 1108 aut
1073 1052 1135 1107 viu·

169 1143 185 1168 ‘¹
195 1154 270 1201 cere,
285 1144 342 1203 aut,
358 1133 381 1190 si
396 1132 508 1190 sortuna
532 1131 682 1201 dubitabit,
706 1131 736 1186 in
762 1129 860 1204 proelio
873 1130 981 1205 potiris,
996 1130 1080 1203 quam
1101 1129 1134 1186 in

168 1213 263 1287 “lugd
278 1222 398 1268 mortem
411 1221 553 1284 oppetere.
596 1209 628 1265 Si
642 1209 697 1266 hoc
722 1207 795 1271 bene
817 1206 905 1264 fixum
925 1207 1059 1264 omnibus
1080 1208 1131 1264 de-
1146 1222 1170 1263 ro

167 1289 387 1363 “stinatumque
402 1288 431 1344 in
446 1286 541 1343 animo
554 1295 607 1357 est,
628 1286 728 1342 iterum
744 1285 848 1354 dicam,
863 1284 989 1342 vicistis:
1023 1285 1134 1341 nullum
1205 1291 1206 1298 ’

167 1377 371 1424 “momentum
398 1365 434 1422 ad
461 1363 635 1420 viucendum
656 1362 764 1420 homini
787 1362 823 1418 ab
844 1360 908 1418 Diis
928 1362 1135 1420 immortalibus

169 1455 186 1482 ⁸‘
195 1445 289 1502 acrius
302 1444 399 1500 datum
415 1440 488 1498 est.”

206 1599 299 1656 XLV.
335 1597 390 1654 His
404 1596 648 1655 adhortationibus
661 1615 749 1671 quum
772 1595 911 1670 utrimque
932 1597 968 1653 ad
982 1607 1129 1654 certamen

167 1677 283 1734 accensi
298 1676 419 1732 militum
434 1675 522 1732 animi
536 1686 643 1742 essent,
657 1675 783 1732 lbomaui
805 1685 890 1749 ponte
911 1675 1049 1732 Ticinum
1068 1675 1134 1750 jun·
1144 1693 1170 1734 ru·

167 1766 249 1830 gunt,
264 1753 430 1827 tutandique
443 1751 537 1827 pontis
550 1755 636 1809 causei
657 1753 807 1810 castellum
833 1753 949 1828 insuper
972 1753 1131 1826 imponunt.

169 1833 284 1902 Poenus,
298 1849 383 1906 opere
397 1830 544 1904 occupatis
558 1831 694 1897 hostibus,
710 1829 906 1887 Maharbalem
931 1849 998 1888 cum
1012 1830 1058 1886 ala
1071 1830 1101 1887 N
1104 1849 1135 1887 u-

169 1910 321 1981 midarum,
346 1909 488 1982 equitibus
508 1908 682 1983 quingentis,
706 1908 743 1964 ad
758 1908 970 1982 depopulandos
991 1908 1133 1965 sociorum

169 1989 266 2064 populi
293 1987 418 2050 Romam
445 2004 527 2061 agros
555 1986 649 2044 mittit.
688 1985 778 2042 Gallis
798 1986 876 2061 parci
903 1988 988 2061 quam
1009 1986 1133 2042 maxime

166 2067 258 2142 jubet,
272 2065 488 2140 principumque
503 2063 612 2120 animos
625 2063 770 2121 sollicitari
784 2065 819 2120 ad
833 2063 1032 2122 defectionem.
1060 2064 1169 2122 Pon-aa

168 2153 195 2200 te
210 2144 346 2223 perlecto,
361 2142 508 2200 traductus
523 2141 673 2198 Romanus
691 2141 836 2199 exercitus
850 2142 879 2198 in
893 2151 992 2217 agrum
1008 2142 1135 2199 Insubri-

168 2240 227 2288 um,
248 2221 371 2296 quinque
393 2219 482 2276 millia
509 2237 643 2292 passuum
664 2235 681 2276 a
703 2220 874 2277 Victumviis
894 2221 1032 2278 consedit.
1087 2219 1133 2277 Ibi

168 2298 313 2356 Hannibal
328 2308 421 2356 castra
444 2296 585 2353 habebat:
619 2308 809 2372 revocatoque
832 2298 949 2373 propere
965 2297 1133 2355 Maharbale

168 2387 251 2449 atque
264 2375 417 2448 equitibus,
431 2391 517 2446 quum
532 2373 638 2430 instare
658 2386 804 2433 certarnen
826 2387 965 2448 cerneret,
987 2377 1057 2433 uihil
1079 2395 1135 2434 un-

167 2472 251 2528 quam
271 2452 339 2508 satis
359 2452 468 2508 dictum
489 2445 743 2528 praemonitumque
764 2454 799 2510 ad
821 2455 1009 2512 cohortandos
1029 2454 1170 2514 militesne

167 2542 254 2602 ratus,
274 2529 381 2587 vocatis
408 2529 444 2586 ad
471 2529 641 2587 concionem
665 2542 746 2588 certa
771 2532 888 2606 praemia
908 2533 1081 2606 pronuntiat,
1100 2532 1134 2590 ln

167 2629 285 2684 quorum
309 2627 388 2683 spem
410 2618 580 2683 pugnarent.
631 2610 768 2685 “Agrum
789 2627 852 2666 sese
872 2610 1004 2666 daturum
1018 2630 1082 2667 esse
1103 2611 1133 2667 in

167 2687 285 2757 '‘Italici,
311 2687 421 2755 Africa,
443 2686 595 2762 Hispania,
610 2687 659 2744 ubi
679 2687 798 2762 quisque
811 2687 887 2758 velit,
908 2688 1064 2747 immunem
1080 2688 1134 2763 ipsi

167 2775 185 2801 '⁸
193 2767 240 2841 qui
261 2766 430 2841 accepisset,
452 2765 623 2840 liberisque3
655 2766 704 2839 qui
724 2765 901 2840 pecuniam,
915 2765 1000 2840 quarn
1022 2785 1133 2841 agrurn,

167 2845 348 2910 “maluisset,
362 2843 389 2900 ei
403 2863 434 2900 se
454 2854 572 2919 argento
586 2843 795 2902 satisfacturum
809 2863 815 2900 :
836 2843 885 2918 qui
899 2844 1041 2901 sociorum
1056 2845 1133 2901 cives
1142 2861 1169 2902 aa

166 2923 445 2997 “Carthaginienses
469 2921 529 2977 lieri
556 2921 669 2992 vellent,
701 2932 867 2996 potestatem
892 2921 1051 2980 facturum:
1085 2921 1133 2996 qui

166 3003 293 3059 “domos
306 3000 399 3058 redire
414 2999 540 3070 mallent,
561 3000 693 3056 daturum
715 3019 745 3057 se
768 3019 893 3074 operam,
916 3019 953 3057 ne
974 3001 1057 3076 cujus
1070 3018 1134 3057 suo·

167 3088 255 3136 “rum
276 3078 454 3153 popularium
475 3087 612 3135 mutatam
633 3095 731 3135 secum
753 3079 893 3136 fortunam
914 3096 978 3134 esse
998 3077 1133 3134 vellentd’

168 3157 265 3212 Servis
278 3175 389 3230 quoque
403 3156 533 3214 dominos
546 3156 704 3231 prosecutis
726 3156 885 3214 libertatem
901 3157 1040 3232 proponit,
1054 3156 1135 3213 bina·

166 3253 221 3309 que
242 3252 293 3310 pro
314 3234 358 3290 his
379 3234 523 3310 mancipia
543 3234 670 3292 dominis·
687 3253 717 3291 se
741 3235 928 3291 redditurum.
983 3233 1081 3308 anue
1102 3243 1170 3292 utsa

166 3324 228 3370 rata
247 3311 354 3378 scirent
379 3311 447 3378 sore,
472 3331 578 3388 agnum
602 3313 672 3368 laeva
685 3331 783 3380 manu,
798 3313 916 3369 dextera
936 3312 1046 3369 silicem
1068 3312 1135 3368 reti·

166 3409 249 3462 nens,
274 3389 299 3446 ,si
321 3389 439 3460 falleret,
460 3389 560 3446 Jovem
587 3401 761 3464 ceterosque
782 3401 914 3466 precatus
935 3390 1022 3458 Deos,
1042 3390 1083 3447 ita
1103 3408 1135 3447 se

166 3479 335 3539 mactarent,
349 3468 588 3542 quemadmodum
602 3468 662 3543 ipse
677 3487 783 3544 agnum
797 3471 958 3538 mactasset,
972 3468 1135 3526 secundum

167 3546 361 3623 precationem
385 3555 472 3621 caput
494 3545 614 3619 pecudis
635 3565 702 3603 saxo
716 3547 799 3604 elisit.
841 3547 920 3605 Turn
935 3546 1001 3604 vero
1021 3565 1132 3614 omnes,

165 3626 244 3683 velut
257 3624 320 3682 Diis
335 3624 498 3681 auctoribus
512 3623 541 3679 in
555 3641 634 3696 spem
649 3643 728 3680 suam
743 3625 861 3700 quisque
876 3626 1012 3700 acceptis,
1032 3626 1061 3683 id
1074 3643 1134 3682 mo-
1143 3643 1169 3685 ro

166 3721 214 3773 rm,
228 3702 304 3778 quod
319 3701 446 3760 nondum
459 3711 630 3775 pugnarent,
646 3702 681 3757 ad
697 3703 840 3788 potiunda
860 3715 971 3779 sperata
984 3705 1046 3775 rati,
1060 3723 1134 3779 proe·

167 3779 238 3836 lium
252 3800 311 3837 uno
324 3779 420 3836 animo
433 3790 463 3836 et
476 3795 545 3835 voce
560 3777 618 3833 und
630 3790 760 3851 poscunt.
1082 3801 1087 3806 ·
