2620 4220
152 345 210 405 ιω
541 339 610 409 τιτι
627 340 709 390 nrvrr

149 485 191 560 git
209 483 344 560 gladium,
365 499 514 556 cuneoque
536 481 620 548 saoto,
642 501 693 556 per
715 482 823 538 medios
843 481 921 539 vadit
933 482 1049 540 hostes:
1069 493 1111 557 et,

149 579 234 636 quum
249 561 278 617 in
292 560 365 616 latus
379 559 518 632 dextrum,
532 561 606 634 quod
620 560 742 635 patebat,
757 558 891 616 Numidae
902 560 1110 634 jacularentur,

149 638 291 696 translatis
299 638 328 694 iu
337 638 466 693 dextrum
476 637 574 702 sontis,
586 638 615 693 in
625 637 731 712 majora
739 647 832 694 eastra
840 636 875 693 ad
884 649 1035 700 sexcentos
1043 657 1110 696 eva·

149 726 264 784 serunt;
279 726 363 789 atque
372 715 438 770 inde
449 709 586 790 protinn's,
598 715 653 771 alio
661 733 765 790 magno
776 715 890 790 agmine
898 715 1044 790 adjunoto,
1054 716 1112 773 Ca·
1125 775 1129 780 ,

149 794 262 852 nusium
274 792 432 850 ineolumes
443 792 618 866 perveniunt.
647 793 721 848 Hae
732 793 807 867 apud
818 793 908 850 riotos
917 793 1009 867 magis
1020 793 1111 868 impe·
1132 805 1147 844 s

149 882 179 929 tu
193 871 351 928 animorum
376 869 474 944 (quem
489 870 635 945 ingenium
650 889 733 926 suum
755 871 859 944 eoique
874 881 923 927 aut
937 871 993 937 fors
1007 870 1109 949 dabat)

148 950 232 1024 qnam
247 967 283 1006 ex
297 947 415 1006 oonsilio
425 947 556 1022 ipsorum,
566 958 616 1004 aut
626 949 744 1023 imperio
752 949 931 1023 cujusquam,
941 948 1108 1023 agebantur.

189 1104 239 1162 Ll.
262 1103 419 1162 Hannibali
434 1103 533 1161 viatori
546 1123 632 1178 quum
644 1103 740 1162 aeteri
754 1103 921 1160 circumfusi
934 1104 1111 1178 gratularen-

149 1193 202 1252 tur,
217 1183 434 1256 suaderentque,
456 1193 496 1248 ut,
511 1193 589 1240 tanto
602 1181 769 1256 perfunctus
789 1181 873 1248 bello,
898 1180 956 1238 diei
976 1181 1052 1256 quod
1066 1201 1111 1238 re·

149 1260 256 1334 liquum
270 1270 354 1331 esset,
369 1259 516 1334 noctisque
530 1259 713 1334 insequentis,
734 1260 859 1333 quietem
877 1270 907 1316 et
920 1260 980 1334 ipse
994 1259 1048 1316 sibi
1063 1279 1111 1316 su·
1120 1272 1146 1311 ιι

150 1348 248 1404 meret,
263 1348 292 1394 et
306 1337 387 1394 sessis
399 1338 479 1394 daret
500 1338 653 1405 militibus3
684 1336 843 1408 Maharbal,
865 1338 1017 1412 praefectus
1030 1338 1111 1414 equi·

151 1427 220 1482 tum,
235 1413 352 1472 minime
367 1415 535 1470 cessandum
551 1427 638 1481 ratus,
660 1424 679 1452 ‘⁴
689 1415 791 1482 Immo,
806 1426 846 1486 ut,
860 1415 928 1490 quid
943 1416 1111 1491 hae'pugnd

150 1499 170 1530 ‘⁶
179 1494 215 1549 it
238 1504 342 1561 aotum,
357 1492 439 1562 soias,
453 1493 500 1548 die
513 1493 639 1566 quinto,”
661 1493 761 1568 inquit,
784 1493 901 1550 “vietor
923 1493 953 1553 in
964 1493 1113 1568 Capitolio

152 1579 170 1606 “
182 1570 349 1644 epulaberis.
392 1569 533 1644 Sequere:
555 1589 621 1627 enm
636 1571 741 1644 equite,
756 1581 786 1628 ut
806 1571 884 1646 prius
898 1572 1010 1628 venisse
1024 1572 1110 1646 quam

152 1658 329 1703 “venturum
344 1647 446 1712 soient,
460 1649 648 1722 praeoedam.”
690 1649 847 1706 Hannibali
867 1649 958 1705 nimis
978 1650 1044 1707 laeta
1064 1663 1146 1707 rests

150 1735 193 1782 est
207 1725 275 1791 rina,
289 1725 442 1800 majorque,
456 1725 540 1798 qnam
555 1736 586 1782 ut
599 1745 663 1783 eam
677 1727 769 1784 statim
782 1746 884 1802 capere
895 1727 991 1786 animo
1004 1739 1110 1803 posset.

153 1803 261 1877 ltaque,
291 1803 493 1860 “voluntatem
514 1820 545 1860 se
565 1804 684 1865 laudare
714 1805 919 1877 Maharbalis,’'
948 1807 1006 1874 ait3
1040 1816 1061 1844 ‘¹‘
1073 1807 1111 1862 ad

153 1881 330 1938 “eonsilium
351 1882 529 1956 pensandum
552 1883 686 1958 temporis
708 1902 779 1957 opus
799 1883 890 1941 esse.’'
945 1883 1024 1940 Tum
1047 1883 1111 1940 Ma-

152 1959 259 2031 harbel,
281 1959 379 2016 “Non
399 1959 505 2031 omnia,
520 1960 665 2032 nimirum,
691 1961 784 2016 eidem
805 1961 855 2017 Dii
876 1962 988 2018 dedere.
1039 1960 1111 2018 Vin·

155 2047 173 2072 “
186 2055 251 2094 oere
265 2036 332 2104 aeis,
348 2037 493 2094 Hannibal
506 2057 525 2106 ς’
537 2038 651 2096 victoria
664 2038 705 2095 uti
720 2038 844 2095 neseis.''
881 2038 964 2096 Mora
977 2040 1039 2115 ejus
1052 2039 1147 2096 dieiao

153 2116 221 2172 satis
234 2116 367 2184 ereditur,
382 2115 465 2172 saluti
480 2115 566 2172 fnisse
580 2116 650 2173 Urbi
664 2127 747 2190 atque
762 2116 888 2190 imperio.
922 2116 1038 2174 Postero
1051 2117 1110 2184 die,

154 2193 201 2249 ubi
217 2193 336 2268 primum
350 2193 451 2260 illuxit,
467 2195 502 2250 ad
516 2194 605 2268 spolia
625 2195 755 2268 legenda,
774 2194 934 2268 fredamque
947 2194 1032 2252 etiam
1047 2196 1113 2252 hos·

152 2271 227 2327 tibus
241 2269 424 2344 spectandam
449 2283 581 2346 stragem,
603 2272 746 2328 insistunt.
787 2271 928 2329 Jaoebant
950 2282 991 2328 tot
1004 2271 1112 2330 Rema-

152 2367 251 2406 norum
267 2348 363 2413 millia,
378 2348 489 2422 pedites
498 2349 602 2422 passim
611 2349 787 2424 equitesque,
802 2362 834 2408 ut
843 2369 928 2425 quem
937 2351 1040 2425 cuique
1054 2351 1111 2410 sors

102 2430 107 2438 ’
153 2439 201 2482 aut
214 2425 310 2500 pugna
320 2425 456 2500 junxerat
469 2436 518 2482 aut
531 2425 607 2502 lugd.
650 2430 842 2503 Assurgentes
863 2429 979 2502 quidam
992 2448 1028 2485 ex
1040 2439 1147 2486 stra-ss

154 2522 189 2579 ge
204 2503 300 2560 mediis
312 2503 434 2570 cruenti,
448 2523 517 2578 quos
531 2505 629 2562 striota
648 2507 788 2564 matutino
802 2507 904 2582 frigore
918 2507 1112 2565 excitaverant

154 2581 279 2652 vulnera,
303 2581 338 2638 ab
363 2581 442 2638 hoste
456 2584 581 2657 oppressi
595 2594 670 2640 sunt.
711 2583 861 2645 Quosdam
875 2595 904 2642 et
922 2585 1051 2660 jacentes
1072 2585 1112 2642 ri·

154 2679 203 2718 vos
222 2659 342 2718 sueeisis
368 2659 520 2718 feminibus
540 2662 747 2736 poplitibusque
768 2663 948 2735 invenerunt,
968 2665 1111 2720 nudantes

154 2739 298 2796 eervioem·
306 2738 503 2815 jugulumque,
517 2751 546 2796 et
563 2739 884 2816 reliquum'rangninem
895 2741 1029 2819 jubentes
1042 2742 1111 2814 han·

155 2817 218 2874 rire.
260 2816 372 2874 Inventi
383 2828 450 2874 sunt
463 2817 578 2892 quidam
592 2819 692 2876 mersis
706 2819 735 2875 in
749 2819 879 2878 effossam
893 2829 997 2876 terram
1011 2819 1146 2894 capiti-ao

156 2896 217 2968 bus,
231 2915 301 2970 quos
313 2895 367 2954 sibi
381 2895 457 2970 ipsos
471 2896 571 2952 iecisse
595 2897 699 2966 foveas,
723 2897 930 2973 obruentesque
951 2915 1001 2954 ora
1014 2915 1111 2971 anper·

151 2974 230 3049 jecta
257 2975 345 3038 humo
374 2971 566 3030 interelusisse
596 2974 724 3048 spiritum
749 2975 909 3049 apparebat.
961 2972 1110 3049 Praeoipnd

149 3053 292 3110 ¹convertit
304 3069 406 3109 omnes
417 3054 573 3108 substratus
596 3051 724 3108 Numida
745 3062 855 3110 mortuo
876 3052 1110 3126 superincubanti

155 3130 288 3186 Romano
302 3130 388 3200 vivus,
413 3149 483 3187 naso
504 3130 674 3204 auribusque
690 3130 838 3198 laceratis3
867 3137 964 3204 quum,
978 3130 1111 3188 manibus

155 3207 190 3264 ad
211 3206 381 3281 capiendum
395 3208 483 3266 telum
498 3208 654 3278 inutilibus,
668 3208 698 3266 in
710 3209 816 3266 rabiem
828 3207 871 3264 irai
881 3227 988 3275 versus,
1003 3208 1146 3266 lanian-aa

154 3285 191 3344 do
204 3284 337 3342 dentibus
351 3285 460 3342 hostem
474 3280 656 3361 exspirasset
1165 3283 1167 3286 ’

194 3440 259 3516 Lll.
282 3440 385 3516 Spoliis
405 3441 441 3498 ad
461 3441 582 3498 multum
602 3441 659 3498 diei
673 3441 765 3510 lectis,
785 3441 931 3499 Hannibal
947 3442 983 3498 ad
1002 3441 1110 3498 minora

154 3519 234 3578 duoit
247 3530 340 3576 eastra
352 3520 543 3595 oppugnanda
554 3538 561 3587 ;
586 3529 622 3576 et
634 3520 762 3577 omnium
775 3521 908 3596 primum,
928 3519 1045 3576 brachio
1063 3520 1112 3576 ob·

152 3600 237 3675 jecto,
252 3597 369 3654 flumine
383 3617 431 3654 eos
442 3597 575 3654 excludit.
617 3597 760 3662 Ceterum
781 3599 818 3656 ab
840 3599 983 3664 omnibns,
1003 3597 1111 3664 labore,

155 3676 267 3750 vigiliis,
282 3674 445 3732 vulneribus
459 3674 544 3732 etiam
558 3674 648 3744 sessis,
672 3676 806 3732 maturior
827 3676 915 3749 ipsius
941 3695 991 3750 spe
1005 3674 1147 3732 dedition

154 3763 197 3812 est
218 3752 309 3812 saeta„
342 3751 431 3825 Paeti,
446 3763 477 3810 nt
497 3754 575 3810 ¹aarum
595 3761 678 3825 atque
698 3769 785 3826 equos
797 3753 949 3824 traderent,
973 3754 1002 3810 in
1017 3753 1113 3828 onpita
