2630 4228
522 329 630 381 LIBER
646 330 694 380 111.
710 343 773 381 aar.
784 346 811 382 r..

181 470 244 547 ejus
258 470 469 530 multitudinem
483 472 601 532 sedavit.
645 474 770 530 Senatus
784 491 838 530 nec
852 471 965 548 plebem
979 471 1146 531 irritandam

181 550 314 608 censuit:
335 564 365 606 et
379 549 466 607 multo
481 551 572 625 magis
586 552 803 625 providendum,
823 570 861 608 ue
878 551 946 626 qnid
962 551 1084 627 virginii
1099 553 1147 608 ad·

182 641 282 684 ventus
296 628 326 684 in
340 629 469 685 exercitu
483 631 574 685 motuis
588 629 704 686 laceret.
756 671 760 680 ,

221 781 254 838 L.
289 782 387 858 ltaque
402 783 479 841 missi
498 784 626 860 juniores
646 783 762 842 Patrum
783 785 814 842 in
833 796 938 852 castra,
959 804 1021 859 quae
1042 797 1102 842 turn
1117 786 1146 843 in

159 873 277 930 5monte
292 861 404 918 Vecilio
416 877 507 932 erant,
523 863 655 920 nuntiant
674 864 856 928 decemviris,
880 874 911 919 nt
933 865 1011 920 omni
1036 883 1090 938 ope
1111 865 1147 921 ab

181 939 320 996 seditione
336 941 440 996 milites
453 941 639 1000 contineant:
674 941 722 997 nbi
738 941 887 1016 Virginius
901 943 1047 1016 majorem,
1061 941 1147 1016 qnam

181 1017 331 1089 reliquerat
347 1019 374 1074 in
392 1019 478 1088 Urbe,
493 1029 599 1075 motum
613 1020 728 1076 excivit.
771 1019 858 1085 Nam,
872 1034 1057 1093 preterquam
1072 1018 1147 1093 quiid

181 1113 296 1168 agrame
319 1096 404 1170 prope
426 1097 699 1172 quadringentorum
721 1097 867 1154 hominum
890 1100 1017 1168 veniens,
1038 1098 1086 1172 qui
1112 1097 1148 1153 ab

184 1172 260 1227 Urbe
283 1176 450 1249 indignitate
475 1176 514 1230 rei
537 1176 653 1232 accensi
674 1177 792 1232 comites
812 1176 839 1232 ei
860 1195 891 1232 se
911 1176 1059 1246 dederant,
1080 1195 1148 1233 cun·

148 1282 172 1319 1⁰
181 1263 296 1322 arrectus
310 1268 372 1320 cett
393 1253 524 1308 strictum
538 1254 623 1308 etiarn
638 1253 736 1317 telum,
753 1271 952 1328 respersusque
965 1254 1023 1328 ipse
1035 1273 1146 1320 cruore,

182 1340 239 1382 totu
261 1333 287 1386 in
309 1350 339 1386 se
359 1343 453 1386 castra
474 1331 633 1387 corruertit:
664 1343 691 1388 et
707 1344 790 1406 togae,
806 1331 986 1387 multifariam
1003 1333 1030 1387 in
1047 1332 1148 1388 castris

182 1406 256 1478 visae,
273 1409 384 1483 rnajoris
398 1407 551 1482 aliquanti»,
565 1410 650 1482 quam
663 1424 732 1474 crat.
752 1410 878 1484 speciem
895 1410 1009 1474 urbanae
1024 1409 1148 1466 multitu·

181 1483 257 1539 dinis
270 1487 406 1542 fecerant.
427 1486 644 1558 Quarentibus,
658 1489 724 1562 quid
742 1489 781 1544 rei
796 1501 880 1551 esset,
895 1487 967 1544 flens
981 1488 1030 1544 diu
1047 1507 1144 1544 rocem

182 1580 237 1618 nnn
253 1567 345 1621 misit:
374 1565 501 1637 tandem,
524 1577 554 1634 ut
573 1566 630 1640 jam
645 1585 680 1622 ex
704 1567 892 1641 trepidatione
914 1568 1147 1623 concurrentium

149 1647 261 1708 utin-lia
283 1643 420 1710 constitit,
443 1663 477 1698 ac
503 1645 647 1700 silentium
672 1645 733 1710 tuit,
756 1647 858 1701 ordine
879 1660 994 1715 crrncta,
1017 1657 1047 1702 ut
1067 1652 1148 1719 gesta

180 1737 270 1792 ermn,
285 1723 424 1794 exposuit
467 1723 591 1797 Supinas
603 1723 710 1778 deinde
724 1724 965 1788 tendensmanus,
980 1722 1148 1779 commilitu-

132 1868 137 1876 ,
182 1818 233 1854 nos
247 1800 401 1874 appellans,
415 1801 522 1868 orabat,
543 1799 628 1867 “Ne‚
643 1801 717 1874 quod
740 1803 835 1858 scelus
857 1804 912 1873 Ap.
928 1801 1040 1856 (laudii
1062 1812 1148 1872 esset,

181 1877 261 1932 “sibi
277 1879 480 1944 attribuerent;
515 1898 571 1934 neu
597 1897 638 1949 se,
663 1890 693 1933 nt
712 1875 881 1952 parricidam
897 1877 1024 1944 liberdm,
1039 1897 1149 1934 aversa·

181 1949 315 2011 “rentur.
358 1955 418 2010 Sibi
435 1955 518 2010 vitam
535 1955 599 2011 ntioe
613 1958 666 2010 sni
689 1956 828 2011 cariorem
851 1955 946 2019 fuisse,
964 1956 987 2011 si
1002 1956 1098 2011 liberae
1113 1973 1148 2013 ac

145 2033 321 2108 ua‘pndicae
345 2033 437 2088 vivere
462 2033 571 2089 licitum
597 2032 703 2088 sitisset.
745 2032 858 2104 Quum,
873 2034 949 2089 relnt
969 2053 1089 2099 servam,
1112 2035 1148 2092 ad

181 2113 337 2186 “stuprum
361 2111 419 2183 rapi
449 2112 565 2182 videret,
593 2124 680 2167 morte
701 2111 791 2168 amitti
813 2111 915 2168 melius
937 2126 1038 2176 ratum,
1060 2115 1148 2186 (quam

180 2188 199 2218 “
209 2189 393 2250 contumelia,
409 2189 519 2256 liberos
537 2189 731 2246 misericordia
745 2209 775 2246 se
791 2191 957 2264 inspeciem
973 2191 1149 2248 crudelitatis

180 2270 234 2323 “la
257 2287 329 2322 suin.
385 2266 450 2323 Nec
471 2287 501 2324 se
522 2269 703 2342 superstitem
733 2269 796 2324 fitiae
827 2268 951 2325 suturam
973 2270 1070 2332 fnisse,
1093 2269 1148 2327 nisi

180 2347 198 2378 ‘⁴
209 2363 287 2420 spent
305 2345 477 2402 ulciscendae
492 2347 589 2402 mortis
610 2348 673 2422 ejus
697 2347 724 2402 in
741 2347 846 2403 auxilio
859 2348 1085 2404 commilitonum
1101 2349 1149 2404 ba-

145 2426 324 2485 25⁴‘buisset.
381 2423 440 2482 lllis
460 2444 571 2498 quoqne
599 2429 676 2483 enim
705 2425 785 2493 tiliae,-
807 2445 926 2497 sorores,
955 2427 1148 2502 conjugesque

181 2507 199 2536 “
210 2521 280 2560 esse.
324 2503 387 2558 Nec
402 2521 468 2558 curn
483 2503 541 2559 fitia
553 2505 603 2559 sud
619 2501 767 2560 libidinem
785 2507 835 2578 ap.
848 2505 962 2560 Claudii
976 2505 1148 2560 exstinctam

180 2587 290 2637 “esse:
311 2583 372 2646 sed,
387 2580 443 2654 qud
459 2583 621 2660 irnpunitirq
636 2583 682 2658 sit,
701 2581 737 2638 ed
752 2581 960 2638 effrenatiorem
977 2581 1045 2638 fore.
1088 2582 1149 2638 Ali-

181 2661 266 2715 “enti
290 2660 451 2716 salernitate
472 2651 677 2716 doeiltderltitm
703 2661 800 2716 datum
824 2659 879 2714 illis
897 2660 1033 2716 carenda
1048 2659 1148 2715 similis

179 2741 198 2772 ‘⁶
210 2739 319 2813 injuria:
369 2737 458 2798 Quod
473 2739 506 2794 ad
523 2758 553 2795 se
568 2739 695 2804 attineat,
712 2745 828 2794 exorem
852 2738 904 2793 sibi
928 2736 987 2793 t'ato
1001 2749 1147 2810 ereptam:

145 2822 198 2875 ar‘·
209 2817 303 2885 liliam,
319 2818 384 2890 qnia
400 2837 455 2872 nou
480 2817 552 2874 ultrei
567 2817 672 2892 pudica
695 2817 803 2872 victura
821 2815 919 2880 ,suerit
940 2815 1081 2877 miseram,
1096 2815 1147 2871 sed

181 2901 199 2932 “
211 2897 365 2960 honestam,
378 2907 499 2952 irionem
511 2896 691 2952 occubuisse.
735 2893 800 2950 Non
820 2913 882 2951 esse
901 2896 959 2970 jam
985 2894 1071 2967 Appii
1087 2893 1148 2949 libi·-

179 2978 198 3009 “
208 2975 268 3030 dini
291 2973 385 3030 locum
402 2973 429 3028 in
451 2975 535 3030 domo
557 2993 589 3030 su
619 2993 626 3029 ι
650 2973 687 3030 'ab
701 2973 755 3029 aliti
777 2973 910 3030 violentia
925 2973 988 3048 ejus
998 2971 1099 3027 eodem
1116 2989 1147 3028 se

180 3053 305 3109 “anirno
319 3071 400 3107 surim
423 3071 526 3126 corpus
548 3053 765 3118 vindicaturum,
787 3071 843 3125 quo
864 3050 1050 3108 vindicaverit
1073 3049 1146 3106 fitiae.

179 3131 311 3188 “Ceteri
337 3131 390 3186 sibi
414 3149 448 3186 ac
470 3131 566 3188 liberis
586 3131 645 3186 suis
666 3130 877 3186 consulerent-'¹
922 3129 993 3186 Haec
1017 3129 1147 3206 Virginio

144 3209 344 3268 asvociseranti
373 3209 568 3265 succlamabat
597 3209 757 3278 multitudo,
787 3225 841 3264 nec
864 3207 938 3264 illius
958 3207 1057 3275 dolori,
1090 3225 1146 3264 nec

179 3309 238 3345 sure
260 3285 380 3343 libertati
403 3307 433 3342 se
454 3288 608 3343 delaturos.
664 3287 701 3342 Et
720 3285 839 3342 immixti
855 3287 944 3343 turbae
965 3287 1085 3342 militum
1107 3299 1147 3342 to·

177 3369 247 3442 gali,
263 3385 348 3438 quarn
372 3365 473 3421 eadem
498 3367 545 3421 illa
568 3365 723 3440 querendo,
738 3364 933 3440 docendoque,
949 3362 1054 3439 qnantti
1076 3365 1145 3433 visa,

177 3446 263 3520 quim
279 3445 385 3514 andita,
401 3444 561 3518 indigniora
585 3443 727 3518 potuerint
749 3443 847 3513 videri,
869 3443 952 3500 simul
968 3441 1145 3518 profligatam
1160 3453 1171 3487 ι’
1185 3448 1187 3458 “
1199 3459 1217 3522 tf

175 3525 233 3600 jam
257 3542 315 3579 rem
332 3523 491 3578 nuntiando
514 3521 614 3578 Romae
628 3540 711 3588 esse3
742 3519 934 3597 *insecutique
956 3522 1002 3596 qui
1021 3523 1145 3596 Appium

143 3619 169 3658 to
180 3605 263 3678 propi·
280 3603 478 3675 interemptum
496 3601 523 3656 in
539 3599 668 3656 exsilium
684 3600 777 3656 abisse
791 3601 930 3664 dicerent,
951 3595 1144 3674 perpulerunt,

179 3695 209 3739 ut
225 3682 259 3738 ad
276 3699 355 3737 arma
377 3681 613 3744 conclamaretur,
640 3679 831 3752 vellerentque
855 3681 946 3756 signa,
971 3690 1001 3734 et
1020 3677 1144 3734 Romam

178 3760 428 3836 proficiscerentur
480 3759 653 3827 Decemviri,
668 3756 751 3814 simul
767 3757 811 3812 bis
824 3776 887 3830 quar
904 3757 1038 3813 ridebant
1061 3755 1144 3810 simul
