2630 4228
156 319 215 384 m
549 315 720 370 rimaran

156 467 298 520 “aautum
311 469 364 516 est.
392 457 434 516 At
445 457 523 516 euim
536 477 572 516 eo
585 457 700 527 soedere,
713 457 788 532 quod
802 475 870 514 oum
881 455 1062 514 Hasdrubale
1071 456 1114 516 lo·

156 544 242 596 “tum
256 549 308 604 est,
324 536 476 611 Saguntini
498 537 697 610 excipiuntur:
728 535 861 590 adversus
884 534 958 606 quod
973 533 1044 592 nihil
1057 553 1113 609 ego

155 615 311 672 “dicturus
334 633 406 682 sum,
426 614 481 670 nisi
504 614 578 687 quod
590 633 607 670 a
620 613 698 670 vobis
712 612 808 670 didioi.
851 611 911 668 Vos
928 611 1016 682 euim,
1036 612 1111 686 quod

155 693 216 750 “C.
233 692 363 750 Lutatius
376 691 475 748 oonsul
489 689 579 764 primo
593 691 741 748 nobiseum
761 689 854 746 soedus
867 689 926 756 ioit,
940 688 1007 762 quia
1019 707 1112 762 neque

154 775 174 808 “
183 770 351 826 auctoritate
359 768 473 825 Patrum
486 787 540 824 neo
551 768 645 842 populi
656 768 737 842 jussu
749 767 837 822 ictum
848 776 918 835 erat,
930 766 1055 840 negastis
1064 783 1112 822 vos
1133 777 1149 816 e

154 853 173 888 “
183 866 218 906 eo
231 847 339 915 tenori;
374 846 467 919 itaque
488 845 564 902 aliud
579 845 615 902 de
629 845 740 919 integro
754 843 846 900 fredus
858 843 973 918 publioo
993 842 1113 900 oonsilio

155 925 271 982 “ictum
285 936 336 980 est
352 961 358 972 ·
378 923 410 980 Si
425 941 473 980 ros
486 941 542 980 non
557 933 656 979 tenent
674 933 765 978 vestra
789 916 905 992 liedera,
929 920 983 996 nisi
998 939 1032 975 ex
1046 939 1129 976 aues

155 1008 174 1040 “
183 1003 294 1060 toritate
308 1001 356 1058 a'ut
367 1001 447 1076 jussu
462 1011 553 1056 vestro
566 1000 641 1068 iota;
659 1017 706 1056 :ne
727 1017 779 1056 nos
792 998 905 1071 quidem
926 997 1113 1054 Hasdrubalis

155 1079 284 1144 “soedus,
298 1079 370 1152 quod
392 1077 473 1134 nobis
493 1077 592 1134 inseiis
615 1077 675 1148 ioit,
698 1077 824 1150 obligare
848 1075 947 1148 potuit.
987 1073 1111 1132 'Proinde
1183 1146 1188 1152 .

155 1157 302 1213 “omittite
316 1155 437 1230 Sagunti
458 1165 541 1229 atque
562 1154 638 1212 iberi
660 1154 833 1210 mentionem
848 1152 959 1219 laceret
986 1163 1022 1220 et,
1036 1153 1111 1225 quod
1123 1161 1148 1200 ¹0

155 1234 232 1290 “diu
246 1233 363 1307 parturit
376 1233 488 1290 animus
511 1244 612 1310 vester,
635 1232 786 1306 aliquando
798 1229 918 1304 pariat.”
959 1229 1037 1289 Tum
1053 1229 1113 1286 Ro-

154 1329 264 1376 manus,
279 1311 343 1367 sinu
357 1330 394 1368 ex
408 1311 474 1385 togd
489 1309 573 1376 facto,
595 1315 614 1380 ‘f
624 1309 713 1380 Hie,”
728 1309 827 1384 iuquit,
841 1311 860 1342 “
874 1307 951 1364 vobis
965 1307 1069 1362 bellum
1083 1318 1113 1364 et

155 1394 283 1464 “paoem
312 1400 456 1463 portamus
464 1406 471 1455 ;
505 1398 598 1444 utrum
632 1386 733 1460 placet,
764 1386 895 1442 sumite.”
949 1385 1011 1441 Sub
1038 1385 1112 1441 bane

154 1484 253 1524 vocem
268 1467 342 1522 baud
357 1463 450 1522 minus
464 1462 604 1536 ferociter,
625 1471 644 1502 ‘⁸
655 1465 743 1533 daret,
769 1477 862 1520 utrum
877 1463 989 1530 vellet,”
1004 1462 1118 1530 suoela·¹

154 1554 260 1600 matum
281 1554 341 1610 est3
374 1553 404 1598 et
429 1560 515 1615 quum
537 1541 561 1598 is
582 1542 683 1598 iterum
714 1541 778 1598 sinu
806 1541 896 1598 effuso
917 1540 1021 1596 bellurn
1043 1540 1146 1596 dare1⁵

154 1619 282 1685 dixisset,
297 1619 427 1693 accipere
440 1637 470 1676 se
483 1637 584 1676 omnes
596 1619 810 1693 responderunt,
825 1629 863 1690 et,
883 1618 987 1691 quibus
1000 1617 1112 1692 aooipe-

154 1707 217 1753 rent
230 1697 341 1767 animis,
356 1697 456 1752 iisdem
470 1715 501 1752 se
515 1707 683 1772 gesturos·

193 1849 327 1910 XXXII.
369 1891 493 1910 .....
515 1851 659 1912 Hannibal
671 1853 707 1910 ab
717 1852 1015 1927 Druenritcaupestri
1025 1852 1111 1908 maxi·

154 1928 199 1987 me
213 1930 313 1988 itinere
334 1944 401 1988 oum
422 1931 497 1988 bond
518 1949 588 2006 paoe
601 1931 636 1987 ad
667 1930 755 2005 Alpes
779 1931 963 1988 ineolentium
987 1949 1022 1986 ea
1048 1931 1112 1988 loea

140 2007 300 2066 Gallorum
320 2009 455 2083 pervenit.
497 2007 586 2075 Tum,
599 2025 767 2081 quamquain
787 2007 861 2064 sama
881 2008 963 2082 prins
986 2008 1055 2081 (qua
1069 2008 1146 2066 inm

154 2095 232 2144 certa
256 2086 285 2144 in
307 2086 397 2162 majus
417 2104 482 2144 vero
495 2085 561 2142 ferri
575 2086 678 2160 solent)
700 2097 840 2159 praecepta
863 2104 908 2142 res
930 2096 1000 2151 erat,
1014 2095 1110 2142 tamen

153 2181 190 2220 ex
210 2164 366 2238 propinquo
385 2163 445 2219 visa
465 2163 603 2220 montium
631 2162 758 2234 altitudo,
778 2162 917 2236 nivesque
933 2161 1006 2220 ooelo
1025 2163 1111 2238 prope

154 2239 300 2310 immixtae,
313 2251 390 2296 tecta
402 2239 534 2296 informia
546 2240 676 2314 imposita
697 2240 823 2313 rupibus,
846 2247 951 2314 peoora
971 2241 1112 2315 jumente-

153 2334 208 2389 que
222 2317 327 2374 torrida
340 2317 452 2390 frigore,
466 2316 596 2372 bomines
608 2315 712 2372 intonsi
732 2329 762 2372 et
782 2316 891 2386 inculti,
913 2317 1046 2374 animalia
1066 2318 1111 2374 in·

154 2393 304 2466 animaque
323 2393 419 2448 omnia
438 2393 561 2468 rigentia
579 2393 655 2468 gelu,
686 2406 789 2450 caetera
816 2393 887 2466 visu,
914 2393 1000 2468 quim
1021 2395 1146 2470 dieb*

154 2469 278 2538 soediora,
293 2479 427 2526 terrorem
447 2471 628 2527 renovarunt.
682 2469 867 2546 Erigentibus
888 2473 916 2528 in
937 2473 1042 2546 primos
1062 2491 1110 2549 ag·

154 2565 220 2603 meu
254 2545 342 2604 clivos
368 2558 558 2622 apparuerunt
586 2547 768 2604 imminentes
798 2549 922 2606 tumulos
954 2550 1111 2610 insidentes

154 2625 298 2694 montani3
332 2625 391 2700 qui,
417 2625 441 2682 si
462 2626 548 2684 valles
577 2625 747 2684 occultiores
771 2626 950 2697 insedissent,
972 2629 1110 2686 ooortiiu

153 2721 279 2777 pugnam
307 2704 433 2777 repente,
461 2704 605 2780 ingentem
637 2704 733 2779 fugem
757 2715 935 2780 stragemque
956 2706 1110 2762 dedissent.

155 2779 300 2836 Hannibal
314 2781 468 2838 consistere
481 2783 563 2858 signa
574 2783 670 2858 jubet;
701 2783 847 2856 Gallisque
868 2784 904 2838 ad
918 2783 1036 2839 visenda
1049 2783 1145 2840 locust

153 2857 314 2930 praemissis,
327 2869 474 2931 postquam
487 2861 636 2933 comperit,
650 2859 798 2916 transitum
811 2863 916 2924 elnon
930 2879 1003 2926 esse,
1018 2873 1111 2916 eastra

153 2933 227 2992 iuter
254 2934 419 3010 confragosa
445 2935 542 2992 omnia
569 2947 773 3010 preruptaque,
803 2935 890 3010 quarn
917 2937 1111 2994 extentissima

152 3022 244 3086 potest
268 3012 346 3084 valle,
367 3013 452 3074 locat,
498 3011 575 3068 Tum
597 3032 646 3086 per
676 3014 791 3070 eosdem
817 3014 922 3084 Gallos,
945 3015 1019 3070 haud
1040 3014 1110 3072 sane

153 3089 275 3146 multllm
290 3089 387 3163 linguai
402 3089 580 3164 moribusque
593 3090 785 3162 abhorrentes,
793 3109 879 3166 quum
895 3111 925 3148 se
940 3093 1110 3149 immisouis·

153 3175 216 3220 sent
236 3166 381 3237 colloquiis
402 3179 607 3236 montanorum,
635 3169 753 3224 edoctus
774 3170 896 3232 interdiu
909 3169 1017 3227 tannim
1038 3170 1146 3226 obsi-rs

153 3241 213 3298 deri
227 3241 339 3312 saltum,
354 3255 437 3300 noete
452 3244 480 3300 in
494 3263 546 3302 sua
559 3264 698 3318 quemque
715 3246 801 3303 dilabi
816 3258 909 3316 teota3
940 3247 1005 3304 luoe
1018 3247 1112 3322 prima

153 3320 240 3376 subiit
252 3318 384 3390 tumulos,
398 3331 478 3378 uter
492 3337 588 3396 aperto
601 3335 684 3395 atque
698 3323 821 3380 interdiu
835 3325 891 3380 vim
904 3326 1112 3399 per-angustias

153 3396 288 3452 lauturus.
329 3395 384 3452 Die
398 3397 511 3467 deinde,
532 3399 692 3456 simulando
713 3400 788 3458 aliud
808 3400 893 3474 quam
907 3403 980 3476 quod
995 3402 1111 3477 parabe-

152 3484 207 3540 tur,
222 3485 400 3548 oonsumpto,
412 3494 500 3550 quum
513 3477 623 3546 eodem,
644 3495 700 3550 quo
721 3479 915 3545 constiterant,
934 3479 997 3536 looo
1017 3489 1111 3535 eastra

153 3552 387 3619 communissent,
415 3553 463 3610 ubi
490 3554 615 3627 primum
642 3555 790 3628 degressos
815 3557 931 3614 tumulis
961 3567 1145 3614 montanosto

152 3630 314 3704 laxatasque
329 3631 417 3690 sensit
436 3631 587 3696 custodias,
602 3632 729 3704 pluribus
754 3633 876 3706 ignibus,
895 3633 980 3706 quim
993 3653 1044 3708 pro
1058 3651 1110 3690 nu·

153 3723 231 3764 mero
244 3707 429 3778 manentium,
452 3707 481 3764 in
502 3708 627 3782 speeiem
641 3708 732 3780 laetis,
757 3709 1021 3785 impedimentisque
1042 3729 1109 3772 oum
