2620 4220
496 322 602 376 tinnit
617 324 725 376 XXVII.
753 340 887 376 eumne.
1111 333 1171 400 2⁴25

204 463 287 542 periti
301 485 396 524 rerum
411 467 569 544 Hispaniae,
586 478 604 504 ‘⁶
614 469 690 526 haud
705 488 771 528 cum
793 469 889 546 ignoto
913 471 989 528 duce
1003 470 1038 528 C.
1053 470 1171 534 Nerone

205 555 474 621 “congressurum
509 548 558 603 sed
579 567 676 622 quem,
690 548 720 606 in
735 549 806 606 sultu
826 549 962 624 impedito
975 549 1171 624 deprehensus

206 623 315 691 “forte,
331 625 405 683 haud
420 645 505 684 secus
518 624 604 700 qudm
628 645 757 700 puerum,
781 627 997 684 conscribendis
1021 627 1170 687 fallacibus

206 703 447 762 “conditionibus
471 705 549 778 pacis
562 704 715 762 frustratus
733 705 892 764 elusisset.’'
934 705 1042 762 Omnia
1064 707 1171 782 majora

182 780 291 838 eetiom
306 785 373 839 vero
385 782 516 856 presidia
536 782 669 852 hostium,
692 783 803 840 minora
823 799 884 852 sue,
907 793 985 840 metu
1006 784 1169 860 interprete,

204 876 316 935 semper
330 861 359 918 in
371 861 512 918 deteriora
525 859 671 932 inclinato,
686 861 839 918 ducebant.

243 1015 337 1074 XLV.
372 1016 461 1090 Nero,
484 1028 632 1093 postquam
650 1017 711 1094 jum
735 1027 847 1076 tantum
874 1017 1014 1076 interualli
1033 1018 1069 1076 ab
1090 1019 1170 1078 hoste

204 1093 318 1164 feceret,
334 1107 366 1152 ut
379 1096 475 1172 detegi
489 1097 641 1154 consilium
656 1096 724 1152 satis
745 1106 838 1154 tutum
852 1107 937 1164 esset,
953 1097 1052 1172 paucis
1067 1099 1170 1156 milites

202 1173 362 1246 alloquitur.
396 1173 503 1249 Negat,
519 1183 537 1210 “
548 1174 632 1231 ullius
643 1174 795 1248 consilium
809 1175 987 1250 imperatoris
1000 1175 1029 1232 in
1044 1177 1171 1251 speciem

171 1270 194 1310 ro
206 1257 225 1288 “
234 1251 382 1324 audacius,
406 1271 436 1308 re
451 1252 513 1328 ipsft
534 1253 623 1310 tutius
637 1251 733 1323 fuisse,
755 1252 840 1327 quim
857 1273 949 1310 suum.
992 1254 1039 1312 Ad
1061 1266 1170 1312 certam

204 1334 281 1386 “eos
295 1349 325 1386 se
340 1330 486 1387 victoriam
500 1330 624 1388 ducere:
656 1330 760 1406 quippe
779 1332 815 1388 nd
836 1332 911 1406 quod
933 1331 1039 1388 bellum
1060 1333 1171 1409 collega

204 1410 288 1464 “non
303 1407 379 1481 unte,
393 1407 478 1482 qudm
499 1409 535 1466 ad
556 1409 715 1466 satietatem
737 1409 825 1484 ipsius
846 1410 973 1485 peditum
987 1421 1071 1484 atque
1092 1430 1170 1486 equi·

203 1491 291 1542 “tum
305 1487 379 1544 datae
394 1487 431 1544 ab
444 1497 545 1544 senatu
566 1487 658 1562 copiae
678 1485 798 1544 luissent
818 1488 939 1563 majores
963 1489 1170 1546 instructiores·

203 1570 297 1637 “que,
311 1563 397 1638 quom
419 1565 443 1622 si
464 1566 600 1624 adversus
621 1567 712 1641 ipsum
732 1566 927 1624 Hannibalem
941 1566 1005 1639 iret,
1025 1567 1169 1642 profectus

169 1643 280 1709 u“sit‚
295 1641 329 1699 ed
344 1643 429 1717 ipsos,
450 1654 712 1718 quantumcumque
734 1644 835 1705 virium
855 1655 1032 1702 momentum
1054 1645 1170 1702 eddide-

203 1720 298 1792 “riut,
319 1739 379 1778 rem
400 1740 513 1780 omnem
536 1721 730 1780 inclinaturos.
786 1723 927 1780 Auditum
950 1721 1033 1783 ntodd
1054 1723 1084 1780 iu
1105 1723 1169 1780 acie

203 1797 324 1874 “(nam,
338 1818 375 1856 no
389 1800 454 1856 ante*
477 1800 632 1872 audiretur,
659 1801 792 1858 daturum
813 1802 942 1878 operam)
966 1801 1085 1858 alterum
1100 1819 1170 1858 con·

202 1876 321 1936 “sulem
337 1887 364 1934 et
380 1877 498 1934 alterum
512 1877 669 1936 exercitum
685 1879 843 1948 advenisse,
860 1879 935 1936 haud
950 1879 1065 1936 dubiam
1081 1877 1170 1936 victo·

202 1955 301 2012 ‘triam
321 1955 470 2012 facturum.
512 1955 633 2012 Famam
657 1956 762 2015 bellum
784 1955 937 2023 conticere,
958 1965 987 2014 et
1007 1974 1092 2030 porra
1111 1974 1170 2012 mo·

166 2037 327 2090 nt“mento
341 2033 369 2090 in
385 2051 463 2108 spem
478 2044 642 2108 metumque
663 2033 809 2108 impellere
830 2033 966 2090 animm·
990 2033 1094 2090 Gloriae
1108 2033 1170 2108 qui·

202 2112 390 2168 “domeure
405 2111 574 2186 benegestd
596 2122 684 2186 partae
708 2111 832 2168 fructum
855 2111 942 2185 prope
962 2129 1077 2168 omnem
1093 2110 1169 2185 ipsos

203 2194 221 2226 ‘⁶
231 2189 345 2246 laturos.
380 2183 515 2264 Semper,
529 2189 604 2264 quod
625 2199 798 2264 postremum
813 2188 967 2264 ¹adjectum
991 2189 1036 2258 sit,
1058 2189 1086 2246 id
1107 2207 1169 2248 rem

203 2273 319 2324 “totam
334 2267 422 2335 rideri
436 2269 564 2330 traxisse.
605 2267 733 2324 Cernere
755 2265 839 2342 ipsos,
861 2285 916 2342 quo
937 2285 1090 2334 concursu,
1111 2268 1170 2340 quit

202 2351 220 2384 “
231 2345 428 2411 admiratione,
443 2364 499 2420 quo
513 2344 606 2404 favore
629 2345 775 2404 homiuum
798 2345 850 2402 iter
870 2363 954 2402 auum
978 2343 1168 2426 celebretur?

167 2423 240 2482 etEt
255 2422 397 2499 (Hercule
409 2424 431 2498 l)
447 2443 496 2498 per
517 2424 655 2481 instructa
668 2423 765 2481 omnia
784 2423 932 2481 ordinibus
946 2419 1067 2482 virorum
1086 2423 1169 2480 muli-

202 2519 349 2575 erumque,
364 2501 490 2576 undique
504 2519 540 2560 en
554 2502 629 2578 agris
642 2501 807 2574 effusorum,
821 2501 895 2558 inter
909 2512 972 2558 vota
985 2511 1014 2558 et
1027 2520 1127 2576 preces
1139 2511 1169 2558 et

202 2580 302 2640 leudes
316 2579 412 2636 ibant:
444 2580 507 2637 illos
520 2581 652 2655 praesidia
670 2579 844 2654 reipublice,
867 2579 996 2638 vindices
1009 2579 1088 2636 urbis
1109 2579 1169 2636 Ro·

203 2677 258 2716 mae
280 2658 447 2732 imperiique
471 2659 667 2734 appellabant:
709 2658 739 2714 in
761 2657 873 2714 illorum
895 2656 981 2714 armis
1004 2656 1169 2730 dextrisque

203 2755 283 2794 suem
305 2736 481 2811 liberumque
504 2755 620 2794 suorum
641 2736 760 2793 salutem
782 2754 817 2792 ac
836 2735 995 2792 libertatem
1016 2734 1169 2808 repositam

168 2833 275 2876 coesse.
316 2814 395 2872 Deos
417 2834 518 2872 omnes
538 2815 671 2890 Deosque
694 2814 894 2889 precabuntur,
915 2822 947 2870 ut
968 2811 1024 2868 illis
1044 2811 1168 2870 faustum

203 2892 266 2960 iter,
295 2892 550 2968 felixque'puguu,
572 2904 683 2952 motura
709 2911 745 2950 ex
774 2892 902 2950 hostibus
931 2889 1051 2948 victoria
1070 2899 1168 2948 esset:

203 2971 464 3045 damnarenturque
478 2972 531 3046 ipsi
546 2982 683 3042 uotorum,
697 2989 761 3045 quie
773 2989 825 3045 pro
838 2970 873 3026 iis
886 2968 1101 3043 suscepisseut;
1128 2979 1168 3038 ut,

202 3049 442 3123 quemadmodum
457 3067 536 3108 nunc
550 3049 664 3108 solliciti
685 3058 922 3125 prosequerentur
935 3065 994 3114 eos,
1009 3046 1049 3104 ite
1062 3064 1169 3120 puuoos

202 3138 267 3204 post
293 3127 355 3190 dies
375 3127 433 3196 laeti
453 3127 603 3186 ovantibus
631 3127 749 3186 victorii
776 3126 888 3184 obviam
910 3124 992 3182 irent.
1044 3123 1169 3182 Inviturs

168 3225 195 3268 ss
205 3205 273 3262 iude
292 3225 344 3282 pro
364 3224 395 3262 se
408 3206 536 3280 quisque,
550 3216 580 3262 et
592 3205 704 3272 offerre,
718 3215 747 3262 et
761 3203 879 3279 fatigare
892 3203 1036 3279 precibus,
1051 3213 1092 3270 ut,
1105 3221 1169 3278 queo

204 3283 272 3358 ipsis
290 3283 484 3359 jumentisque
499 3283 561 3340 usui
575 3293 681 3355 essent,
705 3283 741 3340 ab
758 3301 792 3344 ¹se
812 3280 989 3357 potissimrim
1003 3291 1168 3338 sumerent:

204 3361 329 3437 benigne
353 3362 452 3418 omnia
471 3361 617 3419 cumulata
638 3362 715 3418 dure.
766 3359 910 3423 Modestia
923 3370 1033 3418 certare
1054 3358 1169 3431 milites,

203 3439 330 3514 nequid
351 3439 425 3496 ultra
445 3459 528 3499 usum
548 3439 743 3496 necessarium
764 3449 928 3496 sumerent:
963 3437 1034 3495 nihil
1055 3436 1168 3508 morari,

204 3535 261 3576 nec
281 3518 318 3574 ab
338 3517 428 3593 siguis
449 3517 585 3578 absistere
598 3517 695 3574 cibum
716 3517 882 3592 cupientes:
913 3516 989 3575 diem
1004 3534 1039 3572 ac
1054 3525 1170 3574 noctem

170 3595 263 3656 nire:
284 3597 341 3668 vix,
354 3596 429 3671 quod
443 3597 511 3654 satis
525 3596 561 3652 ed
575 3595 703 3654 naturale
721 3595 895 3654 desiderium
916 3612 1066 3668 corporum
1084 3601 1169 3663 esset,

204 3673 293 3749 quieti
308 3675 384 3732 dure.
427 3673 465 3732 Et
478 3673 514 3730 ad
529 3673 668 3749 collegam
682 3673 818 3748 premissi
832 3682 921 3742 erent,
943 3671 991 3746 qui
1005 3669 1171 3727 nuntiarent

204 3752 368 3820 adrentum,
389 3761 689 3829 percontarenturque,
710 3753 785 3810 clam
805 3769 843 3811 an
863 3747 965 3826 palem,
987 3745 1111 3808 interdiu
1133 3763 1170 3808 au
