2630 4228
521 345 627 417 usus
643 345 689 395 IX.
722 358 782 394 cnr.
795 358 830 393 rr·
1103 343 1159 407 149

197 503 243 542 ras
272 485 480 544 consulendum
508 497 638 552 censent.
698 485 763 542 lars
792 484 826 557 is,
854 483 946 559 gravis
976 484 1069 550 annis,
1100 503 1158 543 non
1193 489 1205 516 ⁸

197 563 366 620 militaribus
380 563 482 630 sollrm,
496 565 546 620 sed
561 565 693 620 civilibus
707 581 827 637 quoque,
847 563 1022 618 abscesserat
1035 564 1160 620 muneri·

198 639 268 695 bus:
309 640 338 696 in
372 661 488 716 corpore
517 653 611 698 tamen
643 643 746 698 affecto
777 640 889 714 vigebat
917 640 958 696 vis
983 641 1071 696 animi
1092 659 1160 696 con·

198 717 319 790 siliique.
361 719 399 789 Is,
414 720 462 775 ubi
477 720 598 793 accepit,
611 719 647 775 ad
672 719 812 774 Furculas
833 718 980 774 Caudinas
1001 719 1074 774 inter
1088 719 1160 775 duos

176 794 287 853 ssaltus
301 796 413 854 clausos
426 815 488 853 esse
502 797 644 852 exercitus
658 797 815 864 Romanos,
840 795 986 851 consultus
1010 795 1046 851 ab
1060 795 1161 852 nuntio

198 871 259 942 filii,
274 875 396 937 censuit,
410 893 510 932 omnes
525 873 591 930 inde
604 873 690 947 qudm
707 872 827 947 primum
849 872 997 928 inviolatos
1017 873 1161 929 dimitten-

198 949 267 1018 dos3
288 969 351 1023 quae
366 951 414 1008 ubi
426 964 519 1026 spreta
533 952 674 1009 sententia
694 963 747 1016 est,
770 951 937 1023 iterumque,
952 951 1053 1006 eodem
1072 969 1161 1006 reme-

198 1038 264 1082 ante
282 1029 393 1099 nuntio,
406 1029 618 1100 consulebatur,
640 1029 763 1099 censuit,
783 1029 818 1084 ad
840 1047 929 1084 unum
943 1046 1043 1084 omnes
1056 1027 1161 1084 interfi-
1245 1028 1247 1032 ’

190 1104 325 1163 ciendos.
365 1106 443 1168 Quae
459 1106 506 1163 ubi
521 1118 578 1162 tam
593 1106 821 1182 discordiainter
835 1124 876 1176 se,
898 1105 974 1162 velut
994 1124 1030 1161 ex
1043 1105 1161 1178 ancipiti

152 1182 323 1254 ·1ooraculo,
339 1203 473 1258 responsa
486 1185 552 1240 dats
565 1195 651 1252 sunt3
673 1201 842 1257 quamquam
857 1183 931 1240 lilius
946 1183 1005 1256 ipse
1020 1183 1049 1240 in
1063 1182 1162 1256 primis

197 1259 257 1333 jam
271 1262 397 1318 animum
418 1280 528 1338 quoque
552 1261 638 1336 patris
662 1262 847 1318 consenuisse
871 1261 900 1316 in
922 1261 1025 1318 affecto
1044 1279 1162 1334 corpore

199 1337 333 1406 rebatur;
366 1350 461 1396 temen
476 1358 619 1396 consensu
637 1339 765 1395 omnium
789 1339 879 1394 victus
898 1349 951 1404 est,
974 1348 1005 1394 ut
1018 1339 1109 1412 ipsum
1132 1338 1162 1394 in

199 1415 348 1472 consilium
371 1417 486 1474 acciret.
529 1416 593 1473 Nec
613 1427 746 1490 gravatus
765 1435 854 1474 senex
875 1415 999 1490 plaustro
1019 1417 1049 1472 in
1070 1426 1163 1472 castre

199 1489 305 1549 dicitur
319 1494 461 1563 advectus,
478 1506 649 1568 vocatusque
672 1494 701 1550 in
723 1494 873 1553 consilium
894 1493 932 1550 ita
947 1493 1035 1550 ferme
1049 1493 1162 1550 locutus

167 1565 271 1642 messe,
286 1582 317 1627 ut
332 1572 402 1628 nihil
416 1572 565 1628 sententiae
579 1590 638 1628 suae
653 1582 792 1639 mutaret;
815 1590 916 1628 causas
930 1572 1043 1628 tantum
1057 1571 1164 1646 adjice-

198 1657 259 1705 ret:
294 1649 419 1706 “Priore
432 1668 462 1705 se
476 1649 606 1718 consilio,
626 1649 700 1722 quod
722 1649 859 1723 optimum
874 1649 1002 1720 duceret,
1025 1667 1093 1706 cum
1114 1668 1163 1723 po·

198 1725 385 1783 “tentissime
399 1726 502 1800 populo
515 1745 564 1800 per
578 1727 681 1802 ingens
703 1727 875 1783 beneficium
889 1739 1054 1801 perpetuam
1069 1727 1163 1784 firma·

198 1803 257 1859 “re
270 1823 370 1876 pacem
385 1804 613 1877 amicitiamque:
647 1804 866 1862 alteroconsilio
890 1803 919 1860 in
941 1805 1043 1862 multas
1054 1815 1162 1870 aetates,

199 1879 339 1953 “quibus,
354 1881 465 1938 amissis
478 1882 590 1938 duobus
608 1882 793 1952 exercitibus,
812 1882 889 1942 bsud
913 1881 998 1939 facile
1014 1893 1163 1955 receptura

165 1958 218 2015 tn“
227 1959 300 2017 vires
314 1959 447 2016 Romana
461 1978 506 2015 res
527 1969 611 2025 esset,
635 1958 739 2014 bellum
758 1959 889 2016 differre:
923 1961 1038 2018 tertium
1052 1959 1162 2016 nullum

198 2033 377 2102 “consilium
399 2037 491 2093 esse.”
531 2036 632 2098 Quum
657 2037 732 2092 filius
756 2037 858 2110 aliique
882 2037 1026 2111 principes
1044 2055 1163 2111 percon·

198 2115 287 2171 tando
314 2129 543 2187 exsequerentur,
571 2113 680 2174 “Quid
705 2115 731 2172 si
748 2113 842 2171 media
856 2115 901 2170 via
914 2115 1025 2172 consilii
1047 2133 1161 2188 capere·

199 2193 218 2224 “
229 2203 291 2258 tur;
321 2203 352 2248 ut
375 2201 404 2248 et
424 2191 631 2251 dimitterentur
656 2192 827 2263 incolumes,
839 2203 868 2248 et
880 2191 960 2266 leges
974 2193 1008 2248 iis
1018 2193 1082 2267 jure
1097 2191 1163 2250 belli

199 2268 310 2324 “victis
324 2268 535 2342 imponerentur
545 2272 555 2324 l
566 2271 582 2296 ''
624 2269 714 2326 “Ista
733 2269 848 2343 quidem
860 2270 1046 2338 sen,tentia;''
1061 2269 1163 2344 inquit,

165 2347 262 2402 ss“ea
288 2357 341 2411 est,
367 2365 430 2419 que
457 2366 549 2421 neque
570 2347 677 2404 amicos
704 2358 792 2422 perat,
816 2367 909 2422 neque
929 2348 1061 2406 inimicos
1083 2348 1163 2405 tollit.

199 2426 218 2458 “
228 2425 344 2480 Servate
358 2422 451 2493 modd,
465 2443 535 2498 quos
557 2425 714 2499 ignominiis
728 2426 918 2484 irritaveritis:
946 2446 981 2483 ea
1000 2438 1044 2483 est
1059 2427 1166 2483 Roma·

199 2504 266 2558 “na
286 2519 367 2576 gens,
389 2520 451 2575 quae
472 2502 546 2559 victa
566 2503 713 2576 quiescere
734 2504 852 2561 nesciat.
902 2504 987 2561 Vivet
1000 2523 1111 2578 semper
1133 2504 1162 2562 in

199 2579 390 2654 “pectoribus
404 2580 527 2646 illorum,
551 2581 688 2654 quidquid
714 2581 788 2638 istuc
810 2600 938 2655 praesens·
949 2583 1105 2638 necessitas
1119 2583 1161 2638 in·

199 2657 329 2713 “usserit
341 2675 349 2724 3
371 2675 462 2731 neque
475 2676 525 2714 eos
539 2669 605 2714 ente
620 2658 792 2732 multiplices
815 2677 917 2733 poenas
935 2660 1075 2735 expetitas
1086 2678 1104 2716 a
1117 2679 1162 2718 ro·

166 2747 192 2788 se
200 2739 219 2772 “
228 2735 272 2792 bis
285 2735 433 2809 quiescere
446 2735 550 2792 sinet.''

239 2891 292 2948 IV.
326 2889 438 2947 Neutrd
452 2891 594 2949 sententie
605 2895 733 2968 accepts,
748 2893 913 2952 Herennius
927 2895 1043 2952 domum
1064 2913 1083 2954 e
1102 2914 1165 2952 cas-

199 2969 250 3026 tris
261 2979 304 3025 est
317 2979 442 3025 avectus.
484 2969 522 3026 Et
536 2970 563 3026 in
579 2974 678 3028 castris
692 2972 833 3029 Romanis
853 2991 941 3046 quum
964 2974 1067 3030 frustra
1081 2974 1162 3030 multi

200 3057 319 3104 conatus
333 3047 368 3102 ad
382 3049 588 3122 erumpendum
603 3051 679 3123 capti
693 3061 799 3121 essent,
812 3061 841 3107 et
852 3051 913 3125 jam·
924 3051 1053 3108 omnium
1067 3069 1163 3109 rerum

201 3124 295 3198 inopia
308 3136 403 3192 esset3
439 3126 505 3182 victi
531 3128 699 3184 necessitate
718 3129 826 3202 legatos
837 3129 963 3200 mittunt,
975 3129 1022 3203 qui
1038 3131 1163 3204 primum

165 3217 300 3277 :cpaoem
315 3221 422 3276 aequam
437 3215 584 3278 peterent:
613 3205 637 3262 si
652 3224 752 3278 pacem
768 3225 823 3262 non
839 3207 1031 3280 impetrarent,
1046 3207 1088 3265 uti
1104 3229 1165 3282 pro·

200 3290 334 3336 vocarent
348 3281 382 3336 ad
397 3299 531 3355 pugnam.
563 3281 641 3338 Tum
657 3283 785 3349 Pontius,
801 3284 1000 3342 “debellatum
1015 3289 1111 3353 esse‚’²
1122 3305 1166 3343 re-

200 3357 330 3431 spondit:
353 3367 371 3393 “
381 3355 566 3432 et,'quoniam
582 3379 618 3416 ne
633 3361 699 3416 victi
714 3362 828 3434 quidem
840 3363 958 3438 accepti
969 3363 1110 3420 fortunam
1123 3365 1164 3421 sa·

201 3435 282 3492 “teri
296 3435 410 3506 scirent,
426 3435 549 3494 inermes
563 3456 630 3494 cum
652 3439 772 3513 singulis
795 3441 971 3498 vestimentis
984 3443 1038 3497 sub
1059 3443 1164 3518 jugum

200 3513 398 3570 “missurum:
420 3515 489 3572 alias
498 3515 764 3590 conditionespacis
773 3520 958 3593 aequasvictis
967 3537 1001 3574 sc
1011 3520 1164 3578 victoribus

165 3595 220 3644 ⁴0³⁴
230 3591 306 3660 lore3
327 3592 350 3648 si
365 3612 433 3667 agro
447 3593 618 3650 Samnitium
633 3595 830 3668 decederetur,
844 3597 965 3654 coloniae
987 3597 1164 3655 abduceren-

201 3677 219 3704 “
230 3678 284 3740 tur,
299 3671 357 3726 suis
371 3671 475 3728 deinde
490 3671 600 3744 legibus
615 3673 780 3730 Romanum
795 3693 829 3729 ac
845 3675 1004 3731 Samnitem
1021 3694 1100 3748 equo
1114 3675 1165 3731 soe·

200 3747 296 3804 “dere
311 3747 460 3806 victurum.
503 3749 785 3884 Hiqcnnditionibus
806 3763 934 3826 paratum
950 3771 980 3808 se
994 3769 1056 3808 esse
1070 3751 1166 3834 fredus

517 3829 541 3882 l.
