2630 4228
158 337 216 398 m
550 332 619 384 nn
636 333 717 382 nvn

156 496 214 534 non
243 475 356 533 fortuna
387 473 481 546 mcdd,
496 477 546 532 sed
574 477 645 534 ratio
671 477 768 547 etiam,
782 493 847 532 cum
870 474 998 532 barbaris
1018 477 1120 536 stabat.

156 554 192 610 ln
206 554 295 610 alterrl
309 554 371 610 acie
385 553 456 610 nihil
478 553 570 612 simile
593 554 742 622 Romanis,
765 572 821 610 non
843 555 918 628 apud
942 555 1042 627 duces,
1062 575 1119 614 non

156 633 231 707 apud
247 633 358 702 milites,
368 641 445 688 erat:
460 651 545 707 pavor
554 632 676 707 fugaque
686 644 877 706 occupaverat
887 632 1008 698 animos,
1019 645 1049 690 et
1059 646 1121 691 tan·

155 722 184 766 ta
199 710 344 766 hominum
354 709 466 780 oblivio,
482 721 513 767 ut
523 710 612 766 multd
622 710 710 785 major
723 729 788 784 pars
799 709 895 785 vejos,
906 710 933 766 in
945 711 1066 768 bostium
1077 731 1121 768 ur·

155 787 231 858 bem,
245 807 332 862 quum
345 787 461 844 Tiberis
475 799 592 858 arceret,
614 790 699 862 quim
724 799 802 846 recto
825 788 926 844 itinere
946 788 1070 846 Romam
1084 791 1119 846 ad
1141 803 1156 842 ⁵

155 866 294 941 conjuges
308 885 342 922 ac
357 865 460 922 liberos
472 867 611 941 lugerent.
653 866 809 940 Parumpor
820 866 1004 922 subsidiarios
1015 879 1122 925 tutatus

154 956 199 1000 cst
212 945 308 1000 locus:
330 943 360 1000 in
374 944 483 1018 reliqui
497 944 559 1001 acie
574 945 658 1001 simul
672 954 716 1000 est
728 943 844 1013 clamor,
858 945 993 1018 proximis
1003 945 1039 1002 ab
1052 945 1121 1002 larc-

155 1041 196 1091 re,
205 1021 313 1078 ultimis
322 1022 358 1078 ab
366 1033 456 1097 tergo,
466 1023 590 1092 auditus,
602 1023 731 1098 ignotum
741 1023 850 1079 hostem
859 1020 935 1097 priis
945 1041 1026 1097 prena
1034 1023 1120 1098 quim

155 1101 293 1171 viderent,
318 1117 375 1156 non
397 1098 481 1156 modii
495 1109 553 1156 non
564 1111 676 1158 ‘tentato
700 1101 868 1171 certamine,
884 1101 983 1158 sedne
997 1101 1120 1159 clamore

154 1179 269 1252 quidem
284 1177 405 1248 reddito,
421 1177 523 1252 integri
538 1178 693 1252 intactique
708 1178 850 1254 sugerunt.
881 1177 945 1234 Nec
960 1179 1017 1236 ulla
1027 1181 1121 1238 caedes
1132 1194 1156 1233 rc

154 1256 344 1330 pugnantium
359 1255 427 1312 snit:
459 1266 539 1330 terga
552 1274 628 1312 caesa
641 1267 752 1312 suomet
777 1257 901 1330 ipsorum
920 1258 1077 1330 certamine
1091 1259 1121 1314 in

155 1334 238 1390 turbd
253 1333 469 1408 impedientium
484 1333 589 1408 sugam.
632 1334 718 1390 Circa
732 1333 821 1407 ripam
832 1333 957 1403 Tiberis,
969 1334 1025 1409 qud
1036 1336 1122 1392 armis

155 1411 274 1486 abjectis
287 1423 377 1468 totum
391 1411 537 1468 sinistrum
551 1429 641 1468 cornu
656 1411 776 1486 defugit,
798 1430 903 1486 magna
924 1424 1033 1488 strages
1047 1413 1122 1471 lacta

154 1501 216 1546 est:
238 1489 407 1562 multosque,
422 1487 567 1564 imperitos
588 1489 677 1546 nandi
698 1500 747 1546 aut
770 1490 918 1560 invalidos,
939 1509 1040 1565 graves
1057 1491 1121 1550 lori-

154 1568 327 1641 cisaliisque
350 1567 534 1641 tegminibus,
557 1567 676 1624 hausere
697 1567 833 1643 gurgites.
876 1567 1004 1624 Maxima
1025 1581 1156 1626 tumente

154 1665 219 1719 pars
232 1644 384 1702 incolumis
400 1644 485 1719 Vejcs
495 1644 637 1720 perfugit3
651 1646 729 1702 unde
741 1665 798 1704 non
813 1643 897 1702 modd
908 1647 1031 1721 praesidii
1042 1649 1122 1721 quid-

154 1741 249 1797 quam,
276 1723 326 1780 sed
348 1741 385 1778 nc
407 1723 525 1780 nuntius
545 1723 660 1797 quidem
677 1723 776 1793 cladis,
800 1723 922 1780 Romam
945 1735 988 1781 est
1009 1726 1120 1783 missus.

155 1802 203 1858 Ab
217 1801 318 1858 dextro
332 1819 430 1870 cornu,
444 1801 520 1876 quod
535 1800 632 1875 procul
647 1819 664 1857 a
678 1800 795 1858 flumine
809 1812 838 1870 et
852 1802 944 1877 magis
957 1803 1011 1872 sub
1025 1816 1121 1862 moute

154 1890 280 1951 steterat,
294 1879 420 1936 Romam
433 1898 534 1936 omnes
548 1879 665 1954 petiere,
678 1890 717 1952 et,
735 1898 773 1936 ne
786 1879 891 1936 clausis
904 1880 1020 1954 quidem
1034 1883 1122 1957 portis

155 1957 243 2030 urbis,
257 1957 288 2014 in
302 1975 397 2014 arcem
411 1957 611 2033 confugerunt.
1130 1971 1157 2012 aa

194 2115 343 2174 XXXIX.
376 2115 473 2175 Gallos
493 2127 605 2193 quoque
629 2117 706 2176 velut
725 2117 938 2193 obstupefactos
952 2117 1120 2176 miraculum

154 2195 280 2252 victoriae
295 2209 352 2253 tarn
367 2196 523 2270 repentinae
532 2201 643 2254 tenuit:
674 2209 704 2254 et
718 2196 770 2271 ipsi
782 2213 884 2271 pavore
893 2196 978 2254 delixi
992 2197 1119 2271 primum

154 2284 303 2344 steterunt,
318 2274 394 2330 velut
408 2274 508 2348 ignari,
528 2275 596 2347 quid
617 2273 787 2332 accidisset:
816 2274 921 2330 deinde
944 2275 1062 2332 insidias
1076 2293 1122 2330 ve·

83 2405 86 2412 ,
154 2351 226 2420 reri;
248 2350 389 2426 postremo
402 2369 541 2408 cresorum
564 2352 654 2426 spolia
674 2351 780 2427 legere,
802 2370 999 2426 armorumque
1021 2371 1121 2410 cumu-

154 2428 205 2493 los,
228 2440 259 2485 ut
279 2447 340 2486 mos
360 2428 403 2484 eis
423 2439 476 2494 est,
497 2448 676 2492 coacervare.
725 2429 805 2486 Tum
826 2430 951 2496 demum,
973 2443 1157 2504 postquamsc

154 2507 225 2564 nihil
241 2525 361 2580 usquam
376 2505 477 2562 hostile
498 2507 677 2574 cernebatur,
700 2507 774 2564 viam
789 2507 920 2580 ingressi,
941 2509 1017 2564 baud
1032 2508 1121 2566 multd

154 2596 220 2642 ante
234 2584 301 2641 solis
314 2602 450 2641 occasum
464 2585 500 2640 ad
515 2585 614 2641 urbem
629 2585 753 2641 Romam
767 2585 951 2660 perveniunt:
973 2586 1021 2641 ubi
1033 2605 1120 2660 quurn

153 2663 302 2740 praegressi
326 2662 445 2737 equites,
468 2682 526 2720 non
553 2673 648 2740 portas
671 2663 793 2729 clausas,
816 2681 873 2718 non
898 2663 1051 2720 stationem
1070 2683 1121 2739 pro

154 2743 241 2818 portis
267 2742 424 2807 excubare,
451 2761 509 2798 nou
536 2753 659 2798 armatos
682 2759 745 2798 esse
767 2741 796 2796 in
817 2740 914 2811 muris,
939 2742 1119 2810 retulissent;

154 2821 230 2877 aliud
245 2820 330 2895 priori
345 2819 437 2876 simile
460 2819 626 2876 miraculum
647 2838 697 2876 eos
717 2819 870 2886 sustinuit3
891 2831 1062 2894 noctemque
1077 2832 1155 2876 ve-aa

154 2899 199 2956 riti
221 2909 250 2956 et
270 2899 375 2973 ignotae
395 2897 482 2954 situm
503 2897 581 2954 urbis
609 2897 683 2954 inter
713 2897 838 2954 Romam
869 2909 953 2972 atquc
975 2899 1120 2955 Anienem

152 2979 322 3044 consedere,
344 2975 567 3050 exploratoribus
589 2975 682 3032 missis
695 2975 773 3032 circa
797 2975 903 3032 moenia
922 2975 1046 3050 aliasque
1060 2995 1122 3052 por·

153 3066 208 3127 tas,
221 3074 351 3129 quaenam
367 3054 495 3110 hostibus
518 3053 548 3110 in
562 3053 673 3129 perditi
687 3073 718 3111 re
732 3053 852 3111 consilia
866 3066 971 3110 essent.
1013 3055 1121 3111 Roma·

154 3134 195 3204 ni,
208 3152 294 3206 quum
310 3151 374 3206 pars
388 3132 476 3208 major
490 3151 526 3188 ex
547 3133 610 3189 acie
631 3132 719 3208 Vejos
733 3133 858 3208 petisset,
873 3151 959 3188 nemo
972 3151 1120 3206 superesse

154 3229 324 3286 quemquam
350 3221 452 3285 preter
472 3229 532 3280 eos,
559 3209 610 3284 qui
640 3211 763 3268 Romam
785 3209 958 3286 refugerant,
979 3212 1155 3277 crederet&
1196 3215 1206 3226 “

155 3289 320 3363 complorati
334 3307 443 3358 omnes,
464 3289 567 3363 pariter
589 3288 644 3346 vivi
665 3289 834 3363 mortuique,
858 3299 944 3346 totam
967 3291 1052 3364 prope
1076 3309 1121 3346 ur·

155 3368 221 3424 bem
245 3366 378 3424 lamentis
398 3365 595 3442 impleverunt.
637 3366 764 3424 Privatos
785 3366 889 3423 deinde
908 3367 1003 3424 luctus
1027 3379 1122 3442 stupc-

156 3446 225 3502 secit
239 3446 370 3520 publicus
383 3445 650 3520 pavorrpcstquam'
662 3445 757 3502 hostes
770 3445 870 3502 adesse
884 3446 1045 3502 nuntiatum
1060 3457 1120 3502 est:

155 3543 221 3582 mox
242 3524 366 3581 ululatus
386 3535 544 3598 cantusque
565 3525 704 3590 dissonos,
728 3523 897 3599 vagantibus
915 3523 995 3581 circa
1015 3524 1122 3580 moenia

155 3602 451 3669 turmatimbarbaris,
466 3603 629 3659 audiebant.
670 3601 766 3662 Omne
791 3601 857 3658 inde
878 3614 991 3676 tempus
1004 3612 1156 3676 suspen-⁴0

156 3702 202 3738 scs
216 3684 252 3738 ita
268 3681 360 3738 tenuit
372 3683 483 3739 animos
498 3699 586 3755 usquc
601 3681 635 3738 ad
650 3681 744 3738 lucem
766 3679 892 3749 alteram,
919 3693 949 3737 ut
963 3681 1120 3736 identidem

153 3759 256 3834 jamin
279 3760 377 3817 urbem
400 3760 511 3818 futurus
535 3760 677 3818 rideretur
701 3760 840 3835 impetus;
873 3758 965 3832 primo
986 3759 1119 3826 adventu,
