2630 4228
140 347 198 408 m
369 345 877 402 mmmmmmm

137 505 319 547 communem
333 486 442 544 hostem
458 488 529 543 duas
545 489 753 563 potentissimas
767 485 852 546 armis
872 485 994 564 virisque
1013 484 1100 545 urbes

135 575 266 632 armaret,
295 565 379 622 simul
408 565 518 622 Punico
550 567 737 640 Romanoque
767 568 885 623 obrutus
914 568 988 625 bello
1013 575 1098 628 esset.

133 644 202 702 Non
216 643 331 718 quidem
347 643 511 700 Alexandro
525 642 612 710 duce,¹
632 663 687 700 nec
710 645 827 720 integris
849 645 1042 703 Macedonum
1057 665 1099 704 re·

134 722 261 790 boasted
282 722 391 796 experti
412 733 508 778 tamen
539 734 605 778 eunt
625 721 752 790 Romani
774 723 964 780 Macedonem
989 726 1098 782 hostem

134 799 268 857 adversus
299 799 486 865 Antiochum,
509 799 680 874 Philippum,
703 801 819 867 Persen,
847 819 905 858 non
927 800 1010 860 modd
1031 813 1133 860 cuma

133 877 215 935 clade
230 877 297 949 utta,
319 877 368 934 sed
384 895 420 934 ne
435 895 501 934 curn
515 879 642 952 periculo
660 878 775 952 quidem
790 897 850 936 suo.
894 880 977 937 Absit
991 878 1099 938 invidia

134 957 227 1026 verbo,
252 967 281 1012 et
302 955 397 1012 civilia
418 955 491 1012 bella
512 956 633 1012 sileant:
667 975 813 1031 nunquam
835 958 871 1013 ab
891 958 985 1032 equite
1006 959 1096 1028 hoste,

134 1053 279 1108 nunquam
294 1053 310 1090 a
324 1034 427 1108 pedite,
447 1051 593 1110 nunquam
615 1037 710 1109 aperti
735 1035 808 1106 scie,
832 1051 978 1110 nunquam
1000 1037 1097 1110 equis,

134 1113 229 1187 utique
244 1129 389 1186 nunquam
404 1111 515 1182 nostris,
531 1109 601 1169 lo'cis
614 1112 812 1170 laboravimus.
854 1113 998 1188 Equitem,
1013 1115 1099 1190 sagit·

131 1201 184 1262 tas,
209 1190 297 1246 saltus
322 1189 481 1265 impeditos,
502 1191 565 1246 avia
578 1190 784 1247 commeatibus
805 1191 876 1263 loca,
897 1193 991 1267 gravis
1012 1193 1098 1250 armis
1108 1202 1133 1243 1⁰

133 1269 214 1325 miles
227 1267 327 1324 timore
348 1278 458 1342 potest:
488 1269 564 1325 mille
586 1269 673 1340 acies,
694 1270 836 1344 graviores
857 1272 940 1344 quim
963 1269 1099 1328 Macedo-

132 1365 202 1403 num
217 1357 300 1422 atque
315 1347 481 1413 Alexandri,
498 1346 614 1414 avertit3
636 1359 808 1421 avertetque,
823 1347 907 1404 modd
921 1349 1098 1423 sitperpetu·

133 1443 167 1482 us
181 1424 273 1502 hujus,
287 1425 343 1500 qud
358 1424 486 1492 risimus,
498 1425 578 1500 pacis
591 1444 671 1484 amor
684 1435 714 1482 et
727 1425 818 1482 civilis
838 1445 909 1484 cura
926 1426 1097 1484 concordie.

445 1643 573 1684 ttetuoasat
586 1645 664 1684 LIBRI
677 1643 785 1687 DRGffll.

156 1708 267 1748 (locoru
276 1708 368 1750 deducte
377 1715 424 1748 sunt
432 1709 491 1759 Sora,
504 1715 525 1749 et
538 1711 600 1760 Alba,
612 1716 633 1750 ct
646 1710 743 1750 Carseoli.
770 1710 834 1750 llarsi
847 1711 869 1750 in
881 1709 1004 1752 deditionem
1017 1724 1067 1754 eoae

131 1763 186 1796 suut.
213 1757 270 1796 Colle
285 1758 326 1797 'um
334 1769 434 1809 augurum
443 1770 475 1797 am
490 1759 562 1798 ilatum
570 1768 610 1808 est,
621 1767 643 1798 ut
651 1766 718 1798 essent
727 1771 805 1809 novom,
815 1771 876 1809 quum
883 1767 943 1799 antea
950 1761 1043 1810 quaterni
1050 1761 1099 1801 tun·

132 1811 186 1846 seat.
213 1806 258 1846 les
279 1807 446 1856 eprosooatioue
487 1808 1027 1856 populumaValerioeoosoletunetsrtirlrn'lataast.
1049 1811 1100 1850 Dra·

131 1855 195 1894 tribue
204 1856 288 1906 adjectas
294 1861 349 1905 sunt,
359 1856 453 1896 Aniensis
462 1862 484 1895 er
493 1856 611 1896 Terentina.
637 1857 764 1897 Samnitibus
770 1856 847 1898 ,bellum
856 1857 962 1907 indictum,
970 1865 991 1898 et
1003 1859 1099 1898 adversus

132 1905 366 1954 eossepeprosporbpo
394 1910 450 1944 atum
458 1911 495 1944 ost.
522 1905 917 1956 Quumadversuslltruscos,'llmbros,
932 1907 1099 1956 Samnitea,(ial·

132 1953 171 2001 los,
182 1954 203 1992 P.
213 1953 277 1992 Decio
285 1960 307 1994 et
316 1954 344 1996 Q·
355 1917 419 1994 iiiito
433 1954 525 2004 dacibus,
534 1963 663 2004 pugnaretur,
676 1955 817 2004 Romanusque
826 1956 928 1995 exercitus
943 1956 962 1996 in
972 1956 1060 1996 maximo
1068 1962 1101 2002 est

131 2009 162 2041 sat
169 2001 291 2052 discrimine,
301 2002 323 2042 P.
333 2002 416 2052 Daciam
425 2009 508 2042 secutus
517 2004 630 2051 exemplum
640 2003 702 2052 petria
724 2003 807 2042 devovit
820 2016 843 2043 se
852 2015 888 2052 pro
897 2005 997 2054 exercitu,
1005 2011 1027 2044 et
1035 2011 1099 2044 morta

132 2051 335 2102 sulvietoriamejus
356 2063 413 2101 ugnas
421 2051 667 2100 populoRomanododit.
695 2031 786 2110 Papirius
801 2052 876 2092 Cursor
890 2053 1100 2094 samnitiumuerct-

132 2063 1100 2200 :tutti”tltt'ittltt‘ttttuttlatinitatiletttlt't‘ttlttitttt

131 2177 304 2286 oeatsffliginmtnp
309 2198 354 2297 poc
362 2198 436 2248 millia,
443 2205 465 2236 et
474 2204 562 2238 tracsma
571 2198 643 2249 viginti
652 2200 700 2239 duo.
715 2199 779 2251 [Gar.
789 2211 829 2240 r-
836 2209 909 2240 sarar.
923 2211 945 2241 a.
952 2212 971 2240 o.
981 2199 1092 2241 teo-tat
1173 2241 1178 2248 ,

133 2257 184 2286 Aac·
235 2267 260 2276 ⁸
302 2273 308 2286 s

284 2370 422 2412 EPITOMAE
435 2371 585 2413 unaoaust
598 2374 699 2415 DECEM
712 2369 947 2416 DEPERDI'I'ORUM.

454 2581 556 2612 121ΤοΙῖ
569 2583 634 2612 tstlttt
650 2583 773 2614 vunculis

159 2652 230 2694 Quas
239 2651 314 2692 Pebius
322 2651 400 2712 (largos
408 2655 479 2694 consid
488 2655 541 2694 mali
554 2657 649 2696 advenas
662 2657 764 2697 Samnites
777 2658 893 2708 pugnissat,
907 2661 929 2696 et
944 2662 1028 2696 senatus
1036 2657 1060 2698 da
1069 2655 1106 2698 re·‘

134 2702 233 2741 movendo
241 2713 265 2740 eo
274 2701 300 2740 ab
308 2712 398 2741 exercitu
408 2709 485 2754 ageret,
496 2705 572 2743 Pabius
586 2705 697 2755 Maximus,
708 2713 763 2754 pater
780 2705 902 2754 deprecatus
911 2705 963 2745 hane
972 2705 1009 2744 lilii
1017 2705 1101 2756 ignomi-

134 2750 199 2806 niam,
205 2751 323 2790 edmaxirnb
331 2757 426 2790 senatum
435 2753 506 2802 movit,
530 2754 567 2803 uod
583 2754 659 2793 iturum
667 2765 689 2792 aa
704 2755 746 2793 lilio
762 2734 852 2804 iegaturn
861 2755 965 2804 pollicitus
973 2761 1018 2803 est;
1040 2755 1100 2804 idque

134 2800 235 2850 prestitit.
261 2801 311 2857 Ejus
320 2800 411 2839 consiliis
420 2807 441 2840 et
450 2803 511 2850 operi
516 2765 573 2841 llius
582 2803 653 2842 consul
659 2803 748 2854 adjutus,
757 2803 814 2844 cis
819 2803 953 2852 Samnitibus,
959 2803 1100 2854 triumpharit.

134 2849 159 2888 0.
170 2849 270 2906 Pontium,
280 2854 421 2896 imperatorem
431 2850 561 2899 Samnitium,
570 2851 652 2890 ductum
666 2852 685 2890 in
695 2853 804 2902 triumpho,
821 2851 887 2891 securi
897 2852 1002 2901 percussit.
1029 2852 1100 2893 Quum

133 2898 207 2938 civitas
216 2904 269 2946 pesti
274 2897 335 2936 lauria
342 2897 449 2946 laboraret,
458 2898 514 2938 missi
523 2899 594 2949 legati,
609 2907 631 2939 ut
639 2901 754 2950 AEseulapii
762 2901 842 2950 signum
857 2901 942 2940 Romen
957 2902 983 2941 ab
997 2901 1101 2950 Epidauro

133 2947 272 2995 transferrent,
282 2958 375 2996 anguem,
384 2946 418 2996 qui
427 2959 448 2986 au
457 2947 477 2985 in
487 2959 558 2986 navent
567 2960 637 2986 eorum
645 2950 767 3000 contulerat,
773 2951 795 2989 ia
804 2950 857 2999 quoi
882 2962 915 2988 um
924 2961 1047 2990 numanam
1054 2961 1101 2989 eou-

134 2996 210 3045 stabat,
223 2994 365 3044 ‹teporrartrer
378 3007 443 3045 eoque
453 2995 474 3034 in
484 2995 571 3035 insulam
580 2995 661 3036 Tiberis
670 3010 758 3047 egresso,
774 2999 843 3038 eodem
867 3009 906 3037 oco
915 3000 966 3038 edas
980 2999 1101 3047 Baculapio

134 3051 253 3086 consecrata
262 3051 301 3084 est.
329 3043 354 3082 L.
365 3043 480 3086 Postumius
489 3045 608 3094 consularis,
621 3048 724 3096 quoniam,
736 3059 798 3097 quum
815 3047 915 3088 exercitui
930 3049 1102 3134 preeaaatssopert

134 3093 223 3132 rnilitum
233 3093 252 3131 in
262 3105 310 3142 agro
318 3103 355 3131 suo
363 3103 411 3131 usus
419 3099 471 3142 erat,
480 3095 587 3132 damnatus
596 3101 635 3133 est.
662 3095 714 3133 (lum
724 3096 848 3134 Samnitibus
862 3108 932 3144 pacem
942 3096 1019 3144 petenti
1035 3108 1058 3135 us
1067 3095 1102 3135 ste-

134 3143 172 3182 des
180 3143 252 3190 quarto
260 3146 377 3179 renovatum
385 3147 424 3180 ast.
449 3143 524 3182 Guriu's
535 3143 633 3182 Dentatus
642 3145 720 3193 consul,
730 3146 856 3184 Samnitibus
864 3145 930 3193 cassis,
936 3153 958 3183 et
967 3144 1057 3193 Sabinis,
1065 3143 1101 3202 qui

135 3191 289 3237 rebellaverant,
298 3189 366 3238 victis,
375 3197 396 3231 et
411 3191 431 3229 in
441 3191 565 3230 deditionem
574 3192 671 3250 acceptis,
681 3193 710 3232 bia
717 3194 738 3232 in
746 3195 817 3233 eodem
830 3193 950 3281 nraqistrutu
959 3194 1101 3280 triumpharat.

135 3239 226 3280 coloniae
234 3239 324 3276 deducte
333 3243 388 3286 sunt,
397 3238 501 3289 castrum,
511 3241 573 3289 Sena,
583 3241 654 3280 Adria.
681 3241 791 3281 Triumviri
801 3253 825 3282 oa
841 3241 869 3282 lta
878 3255 900 3282 es
910 3248 959 3281 tune
968 3253 1018 3291 prnn
1035 3253 1102 3281 mere-

135 3289 165 3328 ati
172 3295 227 3328 sunt.
253 3286 322 3326 Consu
331 3292 386 3336 acto,
396 3287 480 3328 lustrum
494 3289 597 3332 eonditum
611 3296 653 3329 est:
671 3302 732 3330 censa
739 3297 787 3330 sunt
795 3291 871 3330 civium
879 3291 948 3339 capita
957 3293 1045 3336 ducenta
1057 3301 1103 3342 sep·

136 3337 229 3387 tuaginta
239 3336 279 3374 duo
287 3335 358 3374 millia.
385 3335 452 3384 Plebs,
461 3345 540 3386 propter
551 3351 577 3377 es
585 3338 681 3384 alionum,
690 3345 736 3388 post
744 3351 814 3389 graves
830 3347 851 3380 et
865 3340 935 3390 longas
946 3339 1063 3390 seditiones,
1077 3339 1102 3378 ad

136 3386 230 3426 ultimum
239 3384 323 3424 secessit
333 3383 489 3424 ananiculum:
509 3387 620 3427 undeaQ.
630 3387 738 3426 Hortensio
747 3389 844 3427 dictatore
853 3389 940 3428 ueduata
949 3396 993 3428 est:
1012 3388 1068 3439 isque
1081 3387 1102 3426 in
1162 3424 1164 3427 .

136 3435 180 3484 ipso
190 3446 220 3472 mo
237 3434 310 3474 latratu
318 3433 414 3473 decessit.
441 3434 482 3474 lies
491 3441 589 3483 proterea
596 3442 667 3475 contra
676 3437 814 3476 Volsinienses
823 3444 894 3487 gestae
900 3438 1003 3478 contincta
1016 3437 1103 3478 tonsu

136 3446 408 3584 versusoeifiucaffisp,]oontra
422 3494 471 3533 quos
488 3483 586 3523 auxilium
602 3483 699 3524 Thurinis
712 3485 763 3525 ferra
775 3485 887 3535 placuerat.
915 3486 946 3540 [u.
958 3483 1101 3527 mibi-iffi.

137 3545 160 3575 s.
171 3545 193 3572 o.
244 3551 270 3562 -
314 3558 320 3570 .

455 3641 556 3670 ΣΗῚὊΙΙΙ
570 3641 634 3670 Lini
649 3641 785 3682 ΒΟΟῌΕῦΙΗΙ.

163 3695 235 3739 Quen
246 3695 308 3745 legati
317 3694 473 3736 Romanoruma
482 3696 547 3735 (loliis
556 3695 670 3735 Senonibus
679 3697 782 3738 interfecti
792 3705 867 3748 essent,
877 3699 930 3738 lrello
936 3699 963 3739 ob
972 3699 992 3739 ld
1000 3699 1065 3739 Gallis
1074 3697 1104 3738 la·

138 3744 201 3793 dieto,
210 3745 236 3784 L.
245 3744 339 3784 cecilius
348 3751 418 3792 praetor
426 3756 472 3784 eum
481 3745 593 3796 legionibus
601 3745 627 3782 ab
636 3745 661 3782 iia
669 3755 731 3785 erasus
740 3754 779 3785 est.
806 3747 875 3788 Quum
884 3759 897 3785 a
906 3747 1025 3788 Tarentinis
1031 3747 1104 3788 elassis

138 3791 231 3832 lloroaaa
238 3794 317 3843 direpta
324 3799 387 3843 esset,
393 3793 507 3842 duumviro,
516 3792 550 3844 qui
559 3798 641 3840 preerat
649 3793 718 3843 classi,
727 3795 803 3845 occiso,
810 3795 880 3845 legati,
889 3796 914 3835 sd
922 3808 957 3836 eos
965 3809 979 3837 a
989 3802 1072 3847 senatu,
1080 3801 1104 3837 at
