2620 4220
495 333 598 384 LIBER
614 334 696 382 XXX.
729 349 791 383 car.
802 349 883 382 xxxrr.
1101 338 1160 398 937

206 479 226 514 ‘⁶
234 473 370 546 conditio,
395 484 427 530 ut
449 475 533 532 etiam
556 477 642 551 prosit
656 477 733 533 vobis
747 476 832 542 l'raus,
846 474 949 550 petitis.
990 474 1092 552 Neque
1113 497 1160 554 pa·

205 557 291 608 “tres
311 551 399 608 nostri
412 552 518 626 priores
532 553 568 611 de
582 555 691 620 Sicilia,
706 572 797 627 neque
820 572 871 610 nos
889 554 925 610 de
940 553 1077 628 Hispani-'l
1091 557 1159 614 leci·

206 635 297 690 “mus
311 629 433 686 bellurn:
462 641 490 686 et
503 641 572 688 tuuc
591 631 824 690 Mamertinorum
838 631 977 688 sociorum
990 631 1158 706 periculum,

206 711 263 764 “et
275 726 353 764 nunc
368 707 488 781 Sagunti
512 709 670 766 exscidium
691 708 773 766 nobis
792 707 839 782 pia
860 727 893 765 ac
911 708 987 784 justa
1006 709 1161 769 induerunt
1228 705 1232 713 ’

183 789 320 842 waima.
357 783 433 842 .v0s
457 785 613 858 lacessisse,
634 796 663 842 et
689 797 719 842 tu
743 785 802 860 ipre
823 785 926 857 sateris,
947 796 975 843 et
999 785 1054 843 Dei
1074 799 1161 845 testes

206 865 315 930 “sunt;
347 861 396 936 qui
410 873 440 918 et
452 862 526 920 illius
547 863 612 920 belli
633 864 740 920 exitum
761 863 917 920 secundum
934 864 980 940 jus
994 865 1090 940 fasque
1112 867 1161 924 de-

206 937 345 1011 “derunt
372 951 401 998 et
428 941 511 1018 hujus
534 941 603 998 dant
626 952 655 998 et
674 941 791 1002 dabunt.
831 939 920 1001 Quod
934 943 969 999 ad
983 961 1029 1000 me
1050 944 1160 1012 attinet,

206 1021 225 1055 ‘⁵
233 1026 262 1072 et
275 1017 406 1074 humanae
420 1017 589 1076 infirmitatis
602 1019 729 1090 memini,
752 1028 782 1074 et
801 1019 858 1076 viru
872 1018 991 1076 fortuma
1004 1033 1111 1095 reputo,
1132 1033 1162 1078 et

206 1093 338 1161 “omnia,
360 1114 545 1169 quaecumque
572 1096 692 1172 agimus,
719 1095 847 1172 subjecta
867 1115 929 1154 esse
950 1098 1026 1154 mille
1048 1099 1161 1156 casibus

174 1172 302 1227 ru“scio.
344 1171 494 1238 Gruterum,
510 1174 746 1246 quemadmodum
771 1173 890 1248 superbe
911 1185 940 1232 et
959 1175 1094 1232 violenter
1115 1194 1161 1234 me

206 1248 336 1306 “faterer
350 1249 453 1315 facere,
475 1250 498 1306 si
519 1250 610 1324 priris,
624 1251 707 1324 quim
729 1251 758 1307 in
778 1249 907 1308 Africam
927 1253 1111 1328 trajecissem,
1132 1265 1161 1312 te

206 1330 225 1364 ‘²
234 1327 282 1382 tud
303 1327 444 1384 voluntate
457 1327 607 1386 cedentem
631 1328 719 1397 ladit,
734 1338 773 1404 et,
787 1327 917 1404 imposito
941 1330 970 1386 iu
984 1349 1070 1387 naves
1083 1351 1162 1390 exer·

205 1408 224 1442 “
234 1404 302 1476 citu,
317 1405 408 1482 ipsum
425 1405 586 1462 venientem
600 1405 636 1462 ad
658 1424 756 1480 pacem
778 1407 930 1480 petendam
953 1408 1160 1482 adspernarer3

205 1486 224 1518 “
233 1483 274 1538 sic
288 1501 375 1560 nunc,
390 1502 476 1556 quum
490 1487 576 1558 prope
592 1503 679 1540 manu
692 1483 823 1540 conserta
841 1485 1015 1542 restitantem
1029 1504 1063 1543 ac
1078 1487 1161 1562 tergi-

172 1570 196 1609 15
206 1563 224 1597 “
234 1568 390 1616 versantem
406 1559 434 1616 in
450 1560 578 1622 Africam
601 1561 772 1632 attraxerim,
786 1559 862 1620 nulls
876 1581 940 1618 sum
953 1563 1005 1620 tibi
1026 1581 1161 1622 verecun-

206 1637 279 1693 “dit
299 1637 459 1694 obstrictus.
501 1638 623 1695 Proinde
644 1639 668 1694 si
688 1637 755 1712 quid
770 1639 804 1696 ad
826 1657 871 1710 eu,
892 1639 922 1696 in
942 1659 1005 1714 qura
1025 1651 1085 1698 turn
1106 1661 1161 1716 pax

206 1719 409 1771 “conventura
435 1715 581 1772 videbatur
613 1715 689 1790 (quae
716 1715 782 1788 sint,
803 1716 902 1794 obsti),
930 1717 1026 1776 multra
1046 1719 1159 1776 navium

206 1797 298 1848 “cum
314 1793 535 1866 commeatdper
556 1793 686 1850 inducias
709 1805 933 1869 expugnatarum
949 1795 1161 1870 legatorumque

206 1871 225 1904 “
234 1869 398 1926 violatorum
412 1869 554 1944 adjicitur,
567 1881 619 1941 est,
633 1871 707 1944 quod
725 1871 845 1927 referam
858 1872 892 1928 ad
907 1871 1067 1932 consilium.
1108 1874 1161 1931 Sin

171 1947 281 2014 m‘lilla
294 1965 403 2022 quoque
423 1943 530 2021 gravia'
544 1949 682 2017 videntur,
704 1948 809 2004 bellum
832 1959 939 2022 parate,
962 1950 1094 2023 quoniam
1112 1955 1161 2025 pa·

205 2025 296 2081 “cem
311 2025 368 2100 pati
392 2043 447 2081 nou
470 2025 627 2099 potuistis.'’
669 2025 713 2082 Ita
737 2025 843 2083 insecta
864 2044 944 2100 pace,
965 2045 1002 2084 ex
1022 2026 1162 2103 colloquio

206 2103 242 2158 ad
255 2121 325 2162 suos,
333 2121 419 2178 quum
433 2121 464 2158 se
485 2103 661 2176 recipissent,
684 2102 786 2159 srustra
808 2103 894 2162 verba
910 2103 1016 2179 jactata
1036 2106 1162 2162 renunti-

206 2190 272 2236 ant:
294 2180 378 2235 armis
391 2179 603 2236 decernendum
618 2197 690 2248 esse,
705 2179 920 2256 habendamque
934 2199 997 2238 eam
1012 2181 1161 2254 fortunam,

205 2275 289 2331 quam
304 2256 352 2313 Dii
366 2257 520 2314 dedissent.
877 2261 880 2267 '

171 2426 198 2466 aa
225 2411 357 2469 ΧΧΧΙΙ.
379 2412 413 2468 ln
423 2423 516 2470 castra
524 2423 555 2471 ut
563 2424 606 2471 est
615 2415 930 2490 ventum,pr0nuutiant
938 2415 1031 2484 ambo,
1043 2417 1163 2474 “Arma

200 2490 515 2566 '“expedireutmilites
529 2491 692 2568 animosque
707 2493 742 2548 ad
757 2511 918 2567 supremum
933 2505 1088 2562 certamen,
1104 2514 1161 2552 nou

206 2567 264 2623 “in
279 2587 366 2624 unum
381 2568 466 2638 diem,
481 2569 530 2624 sed
544 2568 762 2644 inperpetuum,
787 2571 810 2626 si
830 2569 949 2626 felicitas
963 2571 1083 2641 adesset,
1107 2572 1163 2628 vic·

206 2649 226 2681 ‘⁴
235 2655 316 2701 tores.
359 2645 453 2702 Roma
467 2665 503 2702 an
517 2646 661 2722 Carthago
671 2647 734 2722 jura
747 2647 880 2722 gentibus
894 2647 983 2718 daret,
1008 2658 1073 2718 ante
1088 2667 1162 2705 cras·

206 2722 322 2779 “tinam
337 2733 449 2780 noctem
464 2723 602 2780 scituros:
630 2724 812 2798 nequeenim
827 2723 965 2794 Africam,
980 2735 1028 2781 aut
1041 2724 1161 2796 Italiam,

172 2812 198 2852 au
207 2805 226 2837 ‘⁶
235 2801 285 2857 sed
299 2801 395 2858 orbem
409 2811 556 2868 terrarum,
572 2802 695 2859 victorie
719 2801 865 2876 praemium
880 2801 938 2857 fore
950 2820 958 2869 3
989 2820 1038 2876 par
1051 2803 1162 2876 pericu-

206 2878 292 2934 “lum
319 2878 445 2953 praemio,
472 2879 575 2952 quibus
599 2881 724 2935 adversae
750 2897 853 2954 pugnae
884 2879 995 2935 fortuna
1015 2879 1161 2936 suisset:”
1226 2917 1229 2920 -
1301 2877 1302 2922 ἲ

206 2975 272 3012 nam
299 2975 391 3030 neque
419 2956 559 3012 Romanis
586 2957 722 3032 effugium
752 2956 840 3014 ullum
869 2956 982 3031 patebat
1010 2957 1039 3012 in
1069 2957 1163 3013 alienia

206 3033 357 3108 ignotique
389 3034 483 3102 terrd3
522 3045 552 3090 et
581 3033 758 3109 Carthagini,
789 3033 1044 3109 supremoauxilio
1064 3034 1162 3106 effuso,

206 3110 305 3167 adesse
327 3111 472 3168 videbatur
498 3130 623 3186 praesens
649 3111 817 3168 exscidium.
866 3111 913 3167 Ad
934 3111 988 3168 hoc
1008 3111 1161 3168 discrimen
1201 3115 1202 3118 ’

172 3189 363 3264 uproeedum
375 3200 486 3263 postero
500 3190 546 3245 die
560 3189 679 3244 duorum
702 3188 978 3264 opulentissimorum
997 3189 1161 3264 populorum

206 3267 263 3322 duo
276 3265 359 3341 longe
381 3266 530 3322 clarissimi
544 3266 642 3332 duces,
667 3267 724 3321 duo
747 3265 890 3322 fortissimi
903 3267 1054 3337 exercitus,
1075 3266 1163 3322 multa

207 3346 274 3400 ante
289 3355 369 3418 parta
382 3344 485 3400 decora
499 3354 547 3399 aut
561 3343 731 3400 cumulaturi
745 3361 779 3399 eo
793 3343 849 3410 die,
864 3353 914 3399 aut
925 3345 1058 3400 eversuri.
1102 3343 1162 3399 Ans

206 3439 274 3496 ceps
288 3421 372 3496 igitur
386 3439 450 3496 spes
464 3432 492 3478 et
507 3430 600 3476 metus
617 3420 775 3477 miscebant
789 3421 918 3490 animos;
946 3421 1162 3496 contemplanti·

206 3499 314 3572 busque
329 3497 412 3555 modo
426 3496 603 3563 sunm,m0d6
618 3497 739 3554 bostium
753 3499 854 3565 aciem,
863 3515 950 3574 quum
960 3497 1051 3554 oculis
1062 3497 1160 3572 magis,

173 3575 291 3650 anquam
306 3577 423 3646 ratione,
438 3584 590 3650 pensment
603 3574 687 3641 vires,
712 3575 794 3632 simul
818 3575 891 3646 laeta,
915 3575 997 3631 simul
1011 3575 1101 3632 tristia
1113 3575 1162 3630 ob-

208 3653 399 3711 versabantur.
439 3653 516 3713 Quae
538 3652 605 3726 ipsis
619 3655 668 3708 sud
692 3662 790 3726 sponte
809 3671 871 3709 non
892 3653 1105 3716 succurrebant,
1126 3669 1162 3709 ea

207 3732 296 3788 duces
310 3731 489 3788 admonendo
503 3740 586 3805 atque
607 3729 745 3786 hortando
760 3729 922 3807 subjiciunt.
963 3727 1069 3786 Poenus
1082 3728 1162 3810 sede-
