2632 4224
122 257 164 320 56
377 255 447 306 'rm
463 255 548 306 rrvrr
565 255 672 304 arnan
686 255 708 304 1.
730 268 791 306 cr».
803 268 846 304 rx.

123 399 224 475 plebrs,
245 398 276 455 in
300 396 388 455 fossus
407 397 574 471 cloacasque
599 396 807 456 exhauriendas
828 397 985 452 demersas:
1025 395 1087 456 Ro-

123 495 224 553 manos
237 476 377 543 homines,
392 476 513 532 'victores
536 475 665 532 omniurn
687 475 764 532 circa
777 475 954 550 populorum,
968 475 1086 550 opifices

124 574 158 611 ac
182 555 319 630 lapicidas
343 572 393 629 pro
417 553 600 612 bellatoribus
623 553 721 610 factos.
773 553 898 628 Indigna
920 554 981 610 Ser.
996 553 1085 612 Tullii

123 633 199 708 regis
223 648 378 689 memorata
404 633 508 700 oaedes,
535 642 564 688 et
591 631 703 687 invecta
724 631 833 706 corpori
855 632 942 704 patris
962 631 1087 690 nefando

124 711 255 767 vehiculo
267 711 344 780 filia3
366 709 544 783 invocatique
566 708 670 764 ultores
684 711 831 783 parentum
846 709 904 766 Dii.
946 703 1002 766 His
1015 721 1087 768 atro·
1108 725 1121 766 s

123 788 313 862 cioribusque,
339 789 437 860 credo,
465 787 528 844 aliis
554 787 630 863 (qus
657 805 781 861 praesens
805 806 899 844 rerum
921 787 1086 863 indignitas

123 867 340 941 haudqubquam
355 867 445 923 relatu
460 865 645 940 scriptoribus
659 864 763 931 facilia,
775 865 903 943 subjicit)
914 867 1086 932 memoratis,

123 943 272 1000 incensam
294 945 506 1001 multitudinem
530 942 661 1017 perpulit,
681 953 711 999 ut
729 943 880 1018 imperium
894 943 955 1017 regi
969 943 1088 1018 abroga-

123 1033 176 1089 ret,
191 1023 362 1095 exsulesque
384 1040 447 1078 esse
466 1021 580 1096 juberet
603 1019 636 1076 L.
655 1021 852 1095 Tarquinium
875 1039 940 1076 cum
964 1022 1087 1096 conjuge

124 1117 157 1156 ac
171 1099 276 1156 liberis.
326 1099 402 1174 Ipse,
414 1099 584 1174 junioribus,
599 1098 647 1171 qui
662 1099 734 1155 ultro
748 1099 863 1154 nomina
877 1098 993 1164 debant,
1006 1099 1087 1154 lectis
1099 1113 1121 1151 ro

123 1178 301 1251 armatisque,
317 1178 352 1234 ud
367 1177 569 1234 concitandum
585 1176 652 1234 inde
671 1177 805 1232 advorsus
819 1194 916 1250 regern
930 1177 1087 1232 exercitum

124 1256 250 1312 Ardeam
265 1255 294 1311 in
309 1267 402 1312 castra
416 1266 459 1311 est
469 1255 613 1329 profectus
625 1273 631 1310 2
653 1254 801 1328 imperium
812 1254 841 1309 in
853 1253 930 1310 Urbe
942 1253 1086 1321 Lucretio,

122 1333 257 1408 praelecto
272 1333 357 1390 Urbis
368 1333 426 1408 jam
442 1331 509 1391 ante
531 1333 567 1388 ab
591 1350 659 1406 rege
673 1332 811 1403 instituto,
826 1331 967 1404 relinquit.
1009 1331 1087 1388 Inter
1119 1333 1120 1338 ’

123 1411 201 1468 hunc
216 1411 369 1467 tumultum
384 1410 482 1466 Tullia
505 1410 590 1466 domo
614 1409 747 1484 profugit,
769 1410 994 1476 exsecrantibus,
1019 1409 1088 1482 qub-

123 1505 245 1562 cumque
260 1488 422 1554 incedebat,
445 1487 699 1560 invocantibusque
723 1486 873 1561 parentrim
895 1486 997 1544 Furias
1022 1483 1121 1544 rirism

123 1565 354 1639 mulieribusque.

162 1721 227 1778 LX.
249 1721 361 1778 Harum
375 1740 469 1778 rerum
483 1721 592 1778 nuntiis
605 1720 634 1778 in
646 1731 739 1778 castra
750 1720 872 1795 perlatis,
881 1739 967 1795 quum
977 1740 1007 1776 re
1016 1723 1087 1778 novt

122 1801 250 1874 trepidus
262 1819 313 1856 rex
326 1810 456 1876 pergeret
472 1800 596 1857 Romam
611 1799 646 1856 ad
661 1798 889 1873 comprimendos
903 1809 1005 1864 motus,
1020 1798 1088 1854 ilex-

123 1878 145 1936 ir
159 1879 231 1934 viam
247 1879 352 1936 Brutus
373 1879 512 1953 (senserat
536 1877 612 1934 enim
637 1876 802 1952 adventum)
825 1895 861 1932 ne
875 1875 973 1932 obvius
987 1876 1086 1945 fieret;

123 1957 279 2031 eodemque
295 1957 353 2014 lere
367 1968 503 2031 tempore,
518 1955 637 2012 diversis
651 1953 810 2020 itineribus,
830 1953 934 2009 Brutus
950 1954 1085 2020 Ardeam,
1095 1974 1119 2013 ar

123 2035 300 2108 Tarquinius
320 2035 453 2104 Romam,
480 2043 627 2090 venerunt.
669 2031 837 2104 Tarquinio,
863 2031 967 2088 clausae
989 2042 1086 2106 portae,

122 2113 311 2187 exsiliumque
334 2113 490 2169 indictum:
526 2111 704 2168 liberatorem
730 2109 815 2166 Urbis
835 2109 899 2166 laeta
924 2119 1016 2166 castra
1041 2129 1087 2166 ac·

123 2193 244 2266 cepere;
280 2191 428 2264 exactique
453 2190 520 2246 inde
543 2189 624 2246 liberi
652 2187 736 2262 regis.
779 2185 845 2243 'Duo
866 2201 973 2261 patrem
996 2187 1087 2244 secuti

123 2279 199 2334 sunt,
223 2268 272 2342 qui
296 2268 455 2324 exsulatum
480 2267 562 2322 Caere
587 2265 616 2322 in
636 2265 772 2322 Etruscos
787 2264 888 2320 ierunt.
931 2266 997 2322 Sex.
1014 2265 1087 2322 Tar·

71 2411 74 2420 Ι
123 2346 248 2421 quinius,
262 2345 379 2416 Gabios,
404 2355 547 2436 tamquam
560 2343 598 2402 ·iu
620 2361 704 2400 suum
724 2361 855 2417 regnum,
878 2341 1032 2416 profectus,
1051 2344 1121 2404 aber

123 2423 260 2480 ultoribus
274 2419 401 2480 veterunl
414 2405 598 2488 siriluitalriiri,
620 2439 689 2495 quas
711 2421 765 2476 sibi
789 2420 849 2494 ipse
875 2420 1002 2476 caedibus
1016 2421 1122 2496 rupi·H

123 2502 223 2576 nisque
237 2501 409 2573 conciverat,
424 2510 468 2558 est
483 2499 657 2556 interfectus.
699 2497 733 2555 L.
748 2497 926 2572 Tarquinius
941 2499 1087 2573 Superbus
1101 2499 1116 2543 9
1147 2515 1149 2519 ’

105 2580 252 2655 regnavit
266 2587 355 2636 annbs
374 2578 498 2654 quinque
522 2588 551 2634 et
575 2576 683 2654 viginti.
725 2576 890 2651 Regnorum
916 2578 1026 2644 Romae,
1051 2563 1121 2650 abs,

123 2659 238 2716 condita
265 2657 343 2715 Urbe
371 2658 406 2714 ad
433 2657 590 2722 liberatam,
619 2675 708 2712 annos
735 2656 874 2712 ducentos
900 2649 1121 2730 quadraginta.zi

122 2747 250 2810 quatuor.
294 2736 361 2792 Duo
381 2735 513 2794 consules
524 2734 591 2790 inde
606 2733 728 2791 comitiis
742 2733 909 2790 centuriatis
923 2753 940 2790 a
953 2733 1087 2808 praefecto
1101 2763 1114 2807 ,ι

123 2813 209 2871 Urbis
221 2833 257 2871 ex
272 2815 484 2876 commentariis
511 2813 573 2870 Ser.
601 2811 692 2870 Tullii
716 2811 805 2870 creati
827 2822 902 2886 sunt,
926 2811 959 2869 L.
982 2811 1115 2869 Junius.n

123 2891 228 2951 Brutus
241 2904 270 2950 et
284 2893 317 2950 L.
333 2892 509 2966 Tarquinius
522 2889 690 2949 Collatinus.
887 2966 888 2970 ἵ
1101 2886 1121 2933 8
