2632 4224
510 324 614 374 LIBER
630 325 651 373 1
685 337 746 373 cae.
758 339 833 374 mr.
1117 327 1158 388 23

190 435 256 544 plus
282 465 409 542 quinque
436 467 525 524 millia
549 486 684 542 passuum
718 467 823 534 locant,
852 467 926 524 fossi
953 469 1156 527 circumdant.

193 546 269 602 fossa
284 546 390 602 Cluilia
403 545 439 601 ab
463 547 578 603 nomine
593 546 675 602 ducis
695 565 745 621 per
768 545 873 620 aliquot
893 535 998 603 saec'tila
1018 548 1159 622 appellata

193 634 248 694 est,
262 625 356 680 donec
370 643 434 680 cnm
449 644 479 680 re
493 643 599 681 nomen
612 643 722 698 quoque
738 635 876 680 vetustate
890 625 1019 682 abolevit.
1063 624 1098 681 In
1114 627 1211 692 hia

194 703 296 758 castris
324 700 449 759 Cluilius
469 704 599 760 Albanus
625 722 675 758 rex
696 703 832 771 moritur3
861 703 1028 768 dictatorem
1051 703 1158 762 Albani

170 778 318 842 clllettum
333 781 487 838 Fuffetinm
503 791 610 838 creant.
652 781 770 837 Interim
786 780 891 837 Tullus
905 781 993 852 ferox,
1014 781 1158 856 praecipue

194 870 284 913 morte
305 860 390 934 regia,
422 879 612 935 magnumque
638 859 765 916 Deorum
787 878 905 931 numen,
927 859 1044 934 abipso
1065 857 1176 934 capitol

193 955 299 1006 orsum,
315 937 344 994 in
358 957 442 994 omne
457 957 562 994 nomen
576 938 721 994 Albanum
736 905 926 1026 expetiluruin
940 957 1039 1012 poenas
1051 937 1088 996 ob
1102 939 1160 995 bel·

193 1012 274 1068 lum
267 1016 385 1090 impium
399 1016 543 1088 dictitanS,
558 1025 653 1082 nocte,
676 1015 825 1105 praeteritis
850 1017 972 1073 hostium
992 1015 1102 1082 castris,
1118 1017 1160 1074 in·

194 1089 266 1146 festo
280 1095 407 1150 exercitu
421 1094 451 1150 in
465 1113 565 1168 agrum
581 1094 726 1150 Albanum
741 1094 841 1169 pergit.
884 1094 928 1150 Ea
941 1113 987 1150 res
1001 1095 1037 1150 ab
1051 1094 1159 1152 stativis

160 1182 299 1230 1oexcnrt
313 1171 455 1228 Mettum
482 1143 576 1244 ducit,
601 1174 689 1246 qudm
713 1172 842 1246 proxime
867 1173 902 1228 ad
923 1174 1030 1229 hostem
1046 1184 1158 1246 potest,

194 1245 261 1302 inde
277 1248 399 1323 legatum
422 1250 598 1324 premissum
624 1249 756 1306 nuntiare
780 1249 868 1306 Tullo
889 1251 980 1324 jubet,
995 1251 1158 1324 priusquam

194 1298 345 1393 dimicent,
370 1347 441 1402 opus
465 1347 527 1384 esse
552 1329 710 1403 colloquio:
745 1327 767 1384 si
793 1347 891 1384 secum
919 1347 1089 1403 congressus
1113 1330 1158 1402 sit,

200 1416 268 1457 satis
282 1424 365 1477 scire
390 1425 428 1467 ea
448 1425 478 1462 se
493 1407 652 1478 allaturum
674 1425 736 1495 quaa
761 1407 850 1464 mhrlo
865 1425 957 1464 minua
974 1407 1009 1462 ad
1024 1425 1084 1461 rem
1099 1407 1159 1464 Ro-

193 1483 416 1558 menumquam
439 1485 475 1540 ad
491 1485 643 1552 Albanam,
658 1485 829 1574 pertineant.
871 1485 956 1542 Haud
972 1485 1159 1559 adspernatus

160 1557 307 1628 15Tullus,
322 1563 434 1620 tametsi
449 1582 520 1619 vana
534 1563 774 1632 afferebantur,1n
787 1564 879 1620 aciem
893 1564 999 1620 educit.
1041 1563 1159 1621 Exeunt

193 1641 293 1696 contra
317 1651 346 1696 et
370 1641 485 1698 Albani.
538 1642 693 1716 Postquam
714 1642 844 1698 instructi
870 1643 1010 1716 utrimque
1035 1642 1158 1714 stabant,

194 1733 261 1772 cum
285 1717 384 1792 paucis
408 1739 557 1794 procerum
584 1721 612 1776 in
637 1721 763 1777 medium
788 1721 878 1776 duces
901 1721 1069 1796 procedunt.
1111 1689 1158 1777 Ibi

193 1791 256 1851 infit
270 1797 420 1854 Albanus:
462 1802 480 1832 “
493 1799 625 1873 bajorios,
650 1810 679 1854 et
702 1818 758 1854 uon
783 1800 908 1855 redditas
930 1818 1024 1855 resex
1041 1798 1156 1865 findere,

158 1951 210 2009 2.u
193 1872 510 2026 3333333333
521 1873 869 2039 3333333333
881 1877 1158 2048 3333333333

193 2032 323 2089 “eadem
338 2052 395 2106 prae
410 2044 437 2089 te
453 2033 544 2090 ferre:
576 2035 635 2102 sed,
661 2033 693 2090 si
704 2052 768 2089 vcra
783 2033 886 2107 potius,
901 2033 986 2107 quiam
1002 2035 1081 2090 dictu
1096 2053 1158 2110 spe·
1201 2080 1205 2092 .

192 2109 211 2140 “
224 2110 311 2181 closo,
326 2111 449 2169 dicenda
463 2116 538 2177 snut,
554 2080 678 2186 cupido
671 2113 782 2185 imperii
801 2113 872 2168 duos
887 2125 1023 2186 cognatos
1037 2111 1158 2169 uicinos·

192 2187 278 2260 “que
293 2189 411 2278 populos
435 2190 470 2244 ad
495 2208 573 2245 arma
596 2189 741 2246 stimulati
771 2190 884 2263 Neque,
911 2190 987 2246 recte
1007 2209 1043 2248 aa
1058 2209 1157 2266 perpe·

193 2266 294 2331 “ram‚
321 2267 506 2342 interpretor:
541 2267 645 2324 suerit
639 2280 692 2324 ista
705 2288 767 2344 ejus
786 2268 962 2336 deliberatio,
988 2270 1036 2344 qui
1052 2269 1157 2326 bellurn

158 2345 211 2400 as“
224 2345 367 2419 suscepit:
409 2365 455 2402 me
481 2347 585 2402 Albani
617 2347 744 2421 gerendo
775 2347 849 2403 bello
880 2347 983 2412 ducem
1015 2347 1155 2408 creavere.

192 2425 210 2456 “
225 2422 298 2479 Illud
313 2435 350 2494 te,
366 2425 462 2492 Tulle,
478 2425 614 2482 monitum
630 2425 730 2482 velim:
762 2425 882 2483 Etrusca
894 2445 949 2496 res,
959 2439 1064 2516 quantq
1078 2427 1158 2482 circa

192 2504 211 2536 “
223 2520 275 2556 nos
290 2513 372 2576 teque
387 2503 508 2560 maxime
523 2503 568 2569 sit,
583 2523 639 2578 quo
655 2505 798 2593 propiores
824 2523 880 2574 vos,
906 2505 960 2560 hoc
987 2505 1076 2578 magis
1091 2505 1155 2562 scis.

192 2579 400 2637 “lllultdmilli
423 2584 506 2647 terri,
531 2581 682 2656 plurimdm
708 2601 776 2638 marr
770 2582 947 2670 pollent
960 2581 1155 2650 Memoresto,

192 2658 230 2693 “
221 2677 290 2732 jam,
305 2678 391 2732 quum
406 2661 518 2734 signum
533 2679 637 2735 pugnae
652 2662 742 2732 dabie,
757 2662 808 2718 has
822 2661 894 2716 duas
904 2659 982 2716 acies
993 2661 1157 2749 spectaculo

158 2741 211 2790 ao“
224 2737 300 2805 fore,
336 2749 366 2794 ut
391 2739 479 2795 fessos
503 2739 715 2812 confectosque,
741 2739 822 2795 simul
839 2739 974 2794 victorem
989 2757 1023 2794 ac
1039 2739 1156 2806 victum,

192 2816 432 2889 “aggrediantur
485 2815 594 2890 Itaque,
620 2817 643 2873 si
668 2837 719 2874 noa
744 2817 792 2872 Dii
817 2827 923 2882 amant,
938 2817 1082 2905 quoniam,
1097 2837 1155 2874 nou

192 2895 350 2953 ‘contenti
374 2896 502 2952 libertate
534 2897 632 2964 certa,
654 2895 683 2951 in
711 2895 862 2951 dubiam
856 2895 966 2990 imperii
992 2896 1156 2984 servitiique

192 2977 211 3010 “
224 2973 336 3032 aleam
329 2993 411 3040 rmus,
427 2973 556 3030 ineamus
580 2941 702 3047 aliiqiibdi
727 2973 811 3038 viam,
836 2974 892 3047 quia
914 2974 968 3029 utri
984 2974 1054 3031 utris
1058 2974 1165 3064 impe·—

192 3057 295 3119 “rent,
320 3051 381 3108 sinc
406 3053 507 3126 magnai
532 3051 624 3118 clade,
649 3053 711 3108 sine
736 3051 824 3108 multo
848 3052 988 3126 sanguine
1010 3049 1156 3127 utriusque

158 3131 327 3206 awpopuli,
343 3131 457 3187 decer
474 3130 588 3204 posit
633 3129 719 3186 Haud
734 3129 865 3204 displicet
890 3130 1045 3193 resTullo
1054 3150 1156 3205 quam·
1197 3141 1209 3172 t

192 3231 288 3284 quam,
306 3220 365 3266 tum
391 3150 486 3264 indllle
511 3208 609 3278 animi,
634 3219 693 3296 tum
719 3227 768 3281 spe
793 3208 927 3274 victorie,
952 3209 1070 3266 ferocior
1085 3221 1154 3266 erat

191 3288 395 3350 Quaerentibus
409 3287 550 3360 utrimque
564 3286 635 3343 ratio
649 3280 746 3352 initur,
773 3287 820 3343 cui
842 3298 871 3344 et
885 3287 1018 3346 fortuna
1012 3307 1072 3362 ipsa
1085 3307 1156 3363 prae-

192 3367 255 3424 buit
270 3367 423 3424 materiam.
881 3352 1259 3656 U
1202 3229 1270 3548 llll

93 3500 99 3508 .
1193 3505 1232 3530 4
1262 3487 1269 3521 ,

230 3525 345 3584 XXIV.
377 3524 507 3582 Fortem
523 3524 633 3580 duobus
648 3535 706 3580 tum
722 3524 894 3582 exercitibus
916 3536 998 3582 erant
1011 3517 1156 3600 trigemini
1204 3533 1270 3594 {a
1253 3557 1283 3588 r

157 3617 182 3656 ro
192 3604 300 3668 fratres,
316 3623 370 3660 neo
385 3614 468 3660 aetate
482 3622 538 3660 neo
552 3603 658 3660 viribus
672 3603 809 3676 dispares.
854 3604 986 3661 Horatios
1001 3603 1143 3660 Curiatios
1207 3623 1219 3686 q

190 3701 246 3758 que
271 3683 367 3748 fuisse,
392 3683 459 3738 satis
484 3693 613 3750 constat3
648 3699 703 3738 nec
728 3680 816 3737 ferme
840 3701 886 3740 res
910 3683 1026 3754 antiqua
1044 3681 1156 3736 aliaest

190 3761 330 3840 nobilior.
361 3761 506 3818 tamenin
530 3780 560 3816 re
585 3772 642 3816 tam
661 3757 743 3816 clara
767 3759 915 3815 nominum
939 3777 1015 3814 error
1041 3767 1155 3824 manet3
