2630 4228
162 367 219 430 182
383 407 386 414 ,
557 345 639 418 ’τιτι
656 366 740 417 mvn

199 507 359 566 XXXVII.
391 507 533 580 Tandem,
547 507 737 582 nequidquam
748 508 884 584 jumentis
898 517 982 582 atque
996 507 1118 566 homini·

160 585 212 642 bus
226 586 362 662 fatigatis,
385 596 478 642 castra
501 585 531 642 in
552 585 621 660 jugo
635 586 732 658 posita,
755 587 901 662 aegerrime*
923 587 957 642 ad
973 586 1115 660 idipsum

158 663 222 720 loco
236 673 354 738 purgato
366 682 372 719 :
394 673 503 730 tantum
518 662 589 718 nivis
601 662 765 718 fodiendum
776 675 858 736 atque
870 663 1044 736 egerendum
1054 663 1115 719 luit.

159 735 281 796 Indead
296 758 394 814 rupem
409 739 601 807 muniendam,
616 758 666 813 per
686 757 769 813 quam
794 759 879 796 unam
903 741 948 796 via
962 759 1025 796 esse
1039 751 1116 814 pote·

158 827 211 883 rat,
226 817 330 873 milites
343 817 430 886 ducti,
444 835 530 890 quum
545 817 720 872 caedendum·
737 828 812 873 esset
835 836 943 888 saxum,
962 817 1115 873 arboribus
1135 832 1150 870 5

158 893 237 950 circa
251 895 422 950 immanibus
442 893 560 968 dejectis
574 893 819 967 detruncatisque,
842 903 946 950 struem
968 893 1115 968 ingentem

158 971 300 1046 lignorum
314 971 440 1038 faciunt;
471 989 589 1043 eamque
604 971 705 1046 (quum
718 981 747 1027 et
760 971 801 1042 vis
815 971 890 1028 venti
905 982 969 1046 apta
982 969 1116 1028 faciendo

158 1049 217 1122 igni
233 1059 328 1105 coorta
340 1048 429 1124 esset)
443 1047 631 1118 succendunt,
647 1049 830 1122 ardentiaque
844 1067 912 1106 saxa
926 1049 1019 1104 inluso
1033 1059 1115 1105 aceto

156 1126 356 1200 putrefaciunt.
398 1124 443 1181 Ita
455 1118 590 1182 torridam
604 1125 738 1181 incendio
759 1143 857 1200 rupem
880 1125 953 1182 ferro
976 1126 1113 1199 pandunt,

157 1203 340 1275 molliuntque
355 1202 529 1258 anfractibus
550 1202 669 1258 modicis
689 1202 784 1272 clivos,
799 1214 907 1268 utnon
924 1203 1052 1276 jumenta
1072 1223 1115 1260 so-
1126 1217 1150 1255 ro

155 1280 230 1350 Idm,
244 1280 293 1336 sed
307 1279 450 1354 elephanti
465 1279 561 1350 etiam,
576 1279 679 1336 deduci
693 1290 815 1354 possent.
856 1279 1049 1339 Quatriduum
1062 1279 1115 1336 cir·

156 1377 192 1414 ca
205 1376 303 1431 rupem
318 1367 526 1430 consumptum,
539 1356 674 1430 jumentis
686 1357 772 1430 prope
784 1357 1027 1431 samesabsumptis
1036 1377 1043 1413 :
1052 1398 1054 1406 1
1063 1377 1115 1414 nu·

156 1436 193 1492 da
206 1435 283 1492 enim
298 1435 355 1490 fere
370 1433 521 1490 cacumina
534 1441 615 1501 sunt;
644 1444 682 1500 et,
697 1433 720 1489 si
734 1434 801 1506 quid
815 1445 858 1490 est
870 1435 976 1508 pabuli,
991 1435 1115 1492 obruunt

156 1513 245 1569 nives.
298 1511 436 1568 Inferiore
450 1509 536 1566 valles
556 1521 585 1565 et
605 1511 714 1584 apricos
734 1511 870 1584 quosdam
891 1512 977 1568 colles
998 1512 1113 1579 habent,

155 1590 284 1662 rivosque
298 1607 383 1662 prope
408 1587 500 1658 silvas,
522 1597 551 1644 et
571 1587 629 1662 jam
651 1589 776 1644 humano
795 1589 874 1646 cultu
895 1589 1024 1663 digniora
1041 1589 1149 1646 locare

156 1665 201 1722 lbi
225 1667 354 1740 jumenta
381 1665 411 1721 in
438 1665 572 1738 pabulum
598 1665 692 1732 missa,
715 1676 744 1722 et
764 1665 843 1738 quies
857 1667 1012 1722 muniendo
1033 1666 1114 1723 fessis

156 1743 318 1799 bominibus
332 1743 398 1798 data
411 1742 522 1798 triduo:
554 1742 620 1798 iude
635 1743 670 1798 ad
684 1742 799 1816 planum
813 1743 994 1815 descensum,
1007 1754 1037 1800 et
1054 1743 1114 1818 jam

155 1820 227 1878 locis
241 1819 414 1876 mollioribus
428 1829 456 1876 et
470 1819 630 1876 accolarum
645 1819 777 1896 ingeniis.

194 1977 371 2036 XXXVIII.
407 1977 472 2034 Hoc
487 1975 608 2034 maxime
619 1977 702 2034 modo
715 1977 744 2034 in
759 1976 870 2034 Italiam
883 1989 1050 2053 perventum
1061 1989 1113 2049 est,

155 2057 254 2131 quinto
268 2075 365 2112 mense
380 2075 396 2112 a
411 2056 583 2130 Carthagine
598 2055 678 2111 Nova
695 2055 740 2128 (ut
752 2055 867 2128 quidam
882 2067 1012 2113 auctores
1025 2057 1149 2133 sunt),m

155 2134 377 2208 quintodecimo
391 2134 437 2190 die
453 2134 573 2208 Alpibus
586 2135 734 2207 superatis.
774 2133 901 2193 Quantae
915 2135 1004 2208 copiae
1022 2145 1114 2190 trans-

154 2232 251 2287 gresso
265 2213 294 2268 in
308 2211 417 2268 ltaliam
433 2211 588 2267 Hannibali
603 2210 717 2282 fuerint,
739 2211 916 2284 nequisquam
931 2211 1003 2267 inter
1018 2222 1115 2268 aucto·

154 2309 200 2346 res
214 2300 343 2346 constat:
371 2288 419 2361 qui
443 2289 603 2361 plurimum,
619 2298 734 2343 centum
756 2288 843 2344 millia
857 2289 991 2362 peditum,
1013 2288 1113 2363 viginti

154 2367 279 2440 equitum
302 2365 387 2420 fuisse
409 2365 556 2432 scribunt3
577 2365 624 2438 qui
639 2362 798 2431 minimum,
814 2366 914 2440 viginti
928 2367 1016 2422 millia
1036 2367 1114 2440 pedi-

154 2455 225 2509 tum,
248 2462 296 2516 sex
318 2442 452 2516 equitum.
495 2441 527 2498 L.
543 2441 662 2498 Cincius
685 2443 855 2513 Alimentus,
878 2444 925 2518 qui
947 2454 1060 2517 captum
1081 2457 1148 2499 sets

155 2521 190 2577 ab
205 2519 489 2586 Hannibalescribit,
503 2520 625 2576 manime
645 2531 742 2578 auctor
764 2539 809 2578 me
823 2533 956 2590 moveret,
971 2521 1025 2576 nisi
1047 2540 1113 2576 cou-

155 2599 286 2656 funderet
307 2617 468 2668 numerum,
490 2598 579 2654 Gallis
601 2597 808 2672 Liguribusque
833 2599 952 2654 additis:
986 2599 1113 2654 cumbis

154 2678 298 2752 octoginta
312 2677 400 2732 millia
413 2676 550 2751 peditum,
564 2676 664 2732 decern
679 2675 814 2749 equitum,
827 2677 950 2743 adducta
961 2677 990 2732 in
1000 2675 1112 2732 Italiam

155 2754 258 2832 (magis
271 2755 411 2812 affluxisse
427 2753 576 2810 verisimile
590 2765 644 2824 est,
657 2764 685 2809 et
699 2753 738 2810 ita
748 2754 861 2826 quidam
874 2765 1003 2810 auctores
1011 2755 1092 2830 sunt)
1105 2773 1111 2808 :

154 2853 191 2890 ex
221 2833 282 2907 ipso
310 2844 404 2889 autem
432 2833 544 2887 audisse
573 2827 746 2908 Hannibale,
771 2841 915 2904 postquam
938 2831 1146 2888 Rhodanumau

154 2911 305 2977 transierit,
320 2911 435 2984 triginta
449 2929 498 2964 sex
512 2909 600 2964 millia
622 2908 776 2977 hominum,
799 2908 1001 2982 ingentemque
1014 2927 1112 2964 nume·

154 3009 216 3046 rum
230 3007 364 3063 equorum
380 2998 408 3044 et
422 2987 540 3042 aliorum
552 2986 753 3060 jumentorum,
779 2985 906 3054 amisisse
922 2986 950 3042 in
966 2987 1111 3052 Taurinis,

153 3086 216 3140 quae
230 3067 319 3122 Gallis
333 3065 459 3140 proxima
473 3083 544 3139 gens
558 3073 627 3131 crat,
643 3063 670 3118 in
685 3063 797 3120 ltaliam
812 3063 954 3138 degresso.
977 3063 1009 3119 ld
1025 3083 1111 3138 quum

154 3145 227 3200 inter
241 3163 340 3208 omues
354 3153 472 3212 constet,
497 3141 532 3198 eo
548 3141 637 3216 tnagis
651 3141 735 3196 miror
757 3140 873 3215 ambigi,
886 3141 1008 3214 quianam
1025 3141 1113 3215 Alpes

153 3221 313 3287 transierit3
345 3231 374 3276 et
387 3218 469 3294 vulgd
484 3219 610 3284 credere,
636 3217 746 3274 Penino
761 3216 857 3292 (atque
872 3219 938 3274 inde
960 3237 1063 3274 nomen
1084 3230 1147 3276 etas

150 3301 222 3376 jugo
238 3297 354 3372 Alpium
369 3297 504 3373 inditum)
519 3308 744 3371 transgressum:
778 3295 887 3351 Coelius
901 3315 949 3370 per
964 3297 1114 3352 Cremonis

151 3378 252 3452 jugum
267 3376 338 3432 dicit
350 3377 502 3431 transisse:
532 3375 580 3448 qui
594 3373 678 3430 ambo
691 3373 777 3429 saltus
798 3392 863 3428 eum
889 3393 945 3429 non
967 3374 996 3429 in
1011 3373 1114 3429 Tauri·

155 3474 216 3520 nos,
231 3455 281 3510 sed
295 3473 345 3528 per
360 3451 487 3510 Salassos
504 3464 652 3509 montanos
673 3451 709 3506 ad
733 3450 840 3530 Libuos
861 3451 968 3524 Gallos,
982 3451 1114 3510 deduxis-

155 3542 228 3590 sent.
270 3531 335 3588 Nec
349 3529 499 3586 verisimile
513 3541 563 3599 est,
579 3549 613 3586 ea
626 3540 686 3584 tum
701 3529 736 3584 ad
760 3528 881 3585 Galliam
895 3530 1017 3603 patuisse
1032 3528 1115 3584 itine-

156 3630 205 3678 ra;
228 3610 333 3684 utique,
348 3627 410 3682 quae
425 3609 460 3663 ad
476 3608 614 3664 Peninum
631 3605 733 3676 ferunt,
756 3606 872 3680 obsepta
886 3608 1018 3680 gentibus
1032 3607 1149 3664 semi-tu

157 3689 301 3762 germanis
315 3687 452 3742 fuissent:
474 3703 575 3757 neque,
591 3683 727 3754 Hercule,
751 3683 894 3738 montibus
909 3685 952 3739 his
980 3683 1015 3758 (si
1030 3703 1113 3758 quem

158 3763 230 3820 forte
245 3766 273 3822 id
288 3765 395 3840 movet)
417 3761 453 3818 ab
467 3762 585 3816 transitu
609 3761 760 3816 Poenorum
783 3757 839 3816 ullo
860 3761 989 3836 Veragri,
1015 3762 1114 3818 incolae
