2632 4224
650 733 687 790 T.
709 733 811 794 LIVII

569 983 891 1056 PRAEFATIO.

268 1347 276 1369 Ι

227 1407 268 1512 {i
301 1436 502 1495 Fnc'runusrts
524 1457 616 1513 operte
639 1440 759 1514 pretium
784 1440 847 1513 sim,
872 1440 896 1498 si
916 1460 933 1497 a
953 1439 1106 1516 primordio
1127 1439 1211 1498 Urbis

261 1550 305 1588 res
327 1532 422 1606 populi
447 1533 572 1590 Romani
596 1535 816 1609 perscripserim,
841 1553 896 1592 nec
920 1536 987 1592 satis
1011 1535 1080 1607 scio,
1102 1554 1165 1604 nec,
1187 1535 1210 1592 si

260 1627 359 1693 sciam,
374 1627 469 1684 dicere
483 1627 590 1696 ausim;
611 1627 713 1703 quippe
727 1630 785 1702 qui,
796 1649 883 1702 quum
895 1641 1027 1696 veterem,
1042 1644 1102 1688 tun
1116 1630 1211 1704 vulga·

259 1731 315 1776 tam
330 1740 476 1788 emerem,
491 1721 612 1788 videam,
627 1722 693 1778 dum
718 1723 784 1780 novi
805 1743 915 1798 semper
935 1725 1093 1798 scriptores,
1109 1735 1156 1780 sut
1181 1724 1210 1780 in

238 1815 343 1872 erebus
356 1816 460 1872 certius
475 1815 579 1890 aliquid
594 1817 725 1873 allaturos
748 1837 787 1886 se,
803 1829 851 1874 aut
874 1819 1016 1876 scribendi
1037 1829 1096 1874 arte
1110 1819 1210 1874 rudem

259 1921 425 1966 vetustatem
449 1921 638 1985 superaturos,
660 1912 789 1968 credunt.
839 1911 998 1987 Utcumque
1021 1913 1082 1983 erit,
1101 1912 1210 1987 jurabit

259 2015 361 2073 tamen,
383 2024 476 2061 rerum
497 2015 640 2080 gesturum
654 2007 796 2062 memoriae
809 2007 945 2080 principis
964 2019 1102 2064 terrarum
1122 2026 1211 2082 popu·

258 2085 283 2154 ii
301 2119 350 2172 pro
374 2101 444 2154 virili
467 2111 543 2173 parte
557 2110 586 2155 et
600 2117 645 2156 me
665 2101 756 2175 ipsum
778 2101 974 2170 consuluisse3
996 2112 1032 2171 et,
1048 2101 1071 2158 si
1086 2101 1115 2156 in
1130 2103 1209 2158 tanti

257 2193 423 2267 scriptorum
438 2193 521 2249 turba
535 2212 598 2250 mes
614 2193 686 2249 sama
702 2195 729 2250 in
744 2195 863 2250 obscuro
875 2196 919 2265 sit,
931 2195 1076 2252 nobilitate
1088 2213 1121 2252 ac
1134 2213 1209 2271 mag·

224 2287 386 2347 lenitudine
413 2307 520 2359 eorum,
547 2307 611 2344 meo
634 2289 681 2362 qui
706 2289 812 2345 nomini
833 2289 968 2356 officient,
996 2309 1041 2347 me
1069 2290 1206 2346 consoler.

257 2382 318 2438 Res
331 2392 375 2438 est
395 2393 529 2456 praeterea
550 2395 579 2438 et
600 2383 730 2440 immensi
748 2385 849 2458 operis,
873 2398 903 2440 ut
923 2403 985 2458 quoe
1005 2403 1090 2459 supra
1103 2386 1207 2459 septin-

256 2477 444 2552 gentesimum
460 2495 564 2532 annum
584 2487 740 2550 repetatur;
762 2488 791 2533 et
813 2496 885 2550 quac,
908 2479 943 2533 ab
957 2479 1066 2554 exiguis
1080 2479 1207 2554 profecte

256 2571 353 2637 initiis,
378 2569 411 2626 ed
436 2571 563 2640 creverit,
589 2581 619 2626 ut
643 2570 701 2645 jam
725 2572 921 2646 magnitudine
948 2573 1055 2629 laboret
1081 2574 1149 2630 suti:
1178 2585 1206 2629 ot

255 2666 409 2741 legentium
421 2665 571 2740 plerisque,
583 2665 658 2720 haud
672 2665 779 2732 dubito,
791 2666 858 2740 quin
870 2666 967 2740 primae
978 2667 1101 2742 origines
1114 2668 1205 2741 proxi·

223 2779 356 2834 15maque
379 2760 536 2835 originibus
571 2760 664 2816 minus
688 2759 838 2834 praebitura
862 2761 1009 2834 voluptatis
1033 2761 1098 2828 sint,
1131 2761 1206 2816 festi·

254 2855 388 2912 nantibus
419 2855 455 2912 ad
483 2855 544 2910 haec
572 2873 653 2921 nova,
679 2854 781 2928 quibus
806 2854 865 2929 jam
895 2855 1003 2928 pridem
1029 2855 1205 2929 praevalentis

254 2938 348 3024 populi
369 2949 442 3006 vires
462 2968 492 3006 se
513 2948 580 3023 ipsae
599 2948 762 3006 conficiunt.
805 2949 876 3022 Ego,
897 2949 1005 3018 contri,
1020 2949 1074 3005 hoc
1093 2968 1203 3022 quoque

253 3043 356 3100 laboris
369 3044 515 3119 praemium
535 3054 639 3118 petam,
655 3053 686 3099 ut
707 3061 752 3098 me
773 3061 789 3098 a
809 3053 964 3118 conspectu
981 3041 1127 3110 malorum,
1142 3062 1204 3116 quae

253 3150 348 3195 nostra
361 3148 401 3194 tot
414 3157 463 3212 per
478 3157 567 3194 annos
582 3138 650 3194 vidit
674 3149 749 3206 retae,
765 3137 899 3210 tantisper
923 3135 999 3192 certe
1024 3137 1090 3193 dum
1111 3139 1204 3212 prisca

219 3233 300 3296 milla
324 3233 382 3290 tout
405 3244 500 3290 mente
524 3242 629 3306 repeto,
650 3242 783 3298 avertam,
798 3231 890 3288 omnis
913 3249 1015 3304 expers
1035 3251 1120 3298 curae,
1142 3251 1203 3306 quae

254 3329 401 3386 scribentis
428 3329 565 3398 animum,
591 3327 643 3386 etsi
671 3345 728 3383 non
760 3325 874 3382 flectere
905 3344 922 3382 a
950 3344 1023 3397 vero,
1052 3323 1202 3382 sollicitum

253 3433 347 3481 tamen
371 3423 483 3480 efficere
507 3423 603 3498 possit.
643 3421 719 3484 Quae
740 3431 806 3478 ante
827 3421 968 3478 conditam
989 3419 1203 3479 condendamve

251 3517 508 3594 Urbem,.pctiticis
535 3517 626 3593 magis
654 3517 758 3572 decora
785 3515 896 3586 fabulis,
922 3514 1005 3588 quim
1034 3515 1203 3589 incorruptis

251 3632 345 3672 rerum
368 3623 510 3688 gestarum
531 3611 731 3681 monumentis,
755 3610 913 3676 traduntur,
934 3624 969 3665 ea
988 3629 1043 3666 nec
1064 3609 1202 3666 affirmare

218 3727 307 3774 25nec
320 3708 447 3765 refellere
462 3708 491 3764 in
506 3707 599 3764 animo
613 3718 663 3766 est.
705 3704 796 3760 Datur
811 3703 967 3806 haechnia
981 3703 1149 3776 antiquitati,
1162 3715 1200 3770 ut,
