2630 4228
536 329 640 380 LIBER
656 331 701 380 tv,
721 345 783 382 car.
795 347 847 380 vn.
1113 338 1169 397 lll

200 483 254 542 ¹ant
267 483 330 549 post
342 471 450 530 bellum
464 471 600 530 dilaturos
613 492 697 542 esse;
731 484 951 548 contentamque
973 471 1088 532 interim
1103 495 1172 534 con·

205 553 294 612 uubio
308 551 420 626 plebem
435 563 561 625 paratum
576 549 701 608 delectui
716 552 784 608 sore.
825 551 926 613 Quum
942 551 1099 628 Canulejus
1113 555 1171 612 vic·

204 631 277 688 toria
291 630 327 688 de
342 629 473 686 Patribus
486 641 515 686 et
529 629 619 703 plebis
644 629 737 686 serore
761 630 864 705 ingens
885 641 970 702 esset,
992 631 1107 688 accensi
1123 631 1170 689 alii

205 707 311 766 tribuni
327 707 361 764 ad
377 717 523 764 certamen
537 709 747 782 prorogatione
770 709 822 765 sud
846 711 956 765 summai
980 709 1007 765 vi
1022 719 1170 785 pugnant;

183 797 243 856 set,
258 796 406 844 crescente
420 785 450 842 iu
464 785 526 841 dies
540 784 616 841 fami
630 785 706 857 belli,
728 785 871 842 delectum
887 787 1053 862 impediunt.
1095 788 1172 845 Con·

205 865 290 935 sulas,
318 882 405 938 quum
436 881 486 938 per
507 874 647 941 senatum,
669 863 914 921 intercedentibus
941 865 1072 938 tribunis,
1100 865 1171 922 nibil

205 945 251 1018 agi
266 953 370 1017 posset,
385 941 504 998 consilia
528 941 688 1016 principum
713 943 789 1000 domi
812 943 965 1000 habebant.
1008 944 1172 1017 Apparebat

206 1033 255 1077 aut
269 1020 397 1078 hostibus
411 1030 460 1076 aut
473 1019 583 1075 civibus
594 1020 630 1075 de
645 1019 763 1076 victoriis
777 1021 998 1077 concedendum
1013 1040 1085 1077 esse.
1121 1023 1171 1078 So-

204 1100 224 1155 li
239 1118 274 1155 ex
295 1097 494 1155 consularibus
515 1096 648 1162 Valerius
671 1109 755 1172 atque
780 1099 914 1155 Horatius
938 1117 995 1155 non
1017 1099 1175 1156 intererant

172 1176 341 1234 reconsiliis.
383 1176 418 1233 C.
441 1175 555 1232 Claudii
570 1176 712 1232 sententia
732 1177 865 1232 consules
887 1177 1014 1234 armabat
1035 1177 1064 1233 in
1086 1177 1174 1234 tribu·

206 1275 275 1312 nos:
316 1254 515 1324 Quintiorum,
542 1253 766 1328 Cincinnatique
787 1266 816 1312 et
837 1254 1001 1329 Capitolini,
1023 1255 1173 1312 sententiae

206 1333 396 1392 abhorrebant
417 1349 435 1388 a
455 1331 543 1404 caede,
573 1328 776 1407 violandisque,
797 1351 877 1407 quos,
899 1332 1006 1390 loedere
1028 1333 1085 1390 icto
1105 1351 1172 1390 eum

208 1412 302 1486 plebe,
327 1420 524 1468 sacrosanctos
545 1409 733 1483 accepissent.
779 1411 835 1467 Per
849 1411 913 1468 hac
928 1410 1048 1468 consilia
1071 1409 1106 1468 ed
1126 1411 1175 1468 de·

204 1491 294 1545 ducta
307 1508 352 1545 res
371 1499 424 1560 est,
440 1499 472 1544 ut
485 1488 616 1544 tri-bunos
640 1488 761 1545 militum
785 1489 928 1546 consulari
949 1499 1088 1564 potestate
1113 1508 1175 1564 pro·

172 1583 196 1622 rs
206 1565 316 1624 misene
331 1586 367 1624 ex
382 1566 514 1624 Patribus
528 1585 562 1622 ac
577 1566 659 1640 plebe
674 1567 763 1624 creari
778 1567 925 1635 sinerent;
957 1568 992 1624 de
1007 1567 1174 1624 consulibus

206 1645 339 1702 creandis
354 1645 424 1702 nihil
446 1655 622 1700 mutaretur:
653 1647 884 1720 eoquecontenti
906 1646 1021 1716 tribuni,
1037 1657 1174 1702 contenta

205 1723 286 1799 plebs
300 1723 361 1782 luit.
404 1722 530 1780 Comitia
543 1723 666 1784 tribunis
679 1724 821 1780 consulari
843 1735 981 1800 potestate
1006 1724 1096 1780 tribus
1114 1743 1175 1780 cre·

206 1802 289 1858 andis
302 1801 487 1860 indicuntur:
514 1800 618 1874 quibus
632 1801 755 1870 indictis,
771 1802 923 1878 extemplo,
937 1803 1109 1876 quicumque
1123 1801 1175 1858 ali·

206 1875 273 1954 quid
288 1880 421 1937 seditiose
436 1879 547 1936 dixerat
561 1890 608 1935 aut
627 1879 743 1948 fecerat,
767 1879 852 1954 qulam
878 1880 1002 1938 maxime
1017 1879 1173 1950 tribunicii,

170 1968 235 2014 acet
249 1977 381 2032 prensare
397 1957 537 2028 nominee,
562 1969 591 2014 et
608 1976 780 2014 concursare
806 1970 863 2016 toto
878 1959 937 2014 foro
951 1957 1095 2014 candidati
1117 1975 1175 2014 coe-

207 2039 293 2112 perer
314 2047 346 2092 ut
359 2037 493 2111 patricios
515 2035 675 2110 desperatio
697 2035 800 2110 primd,
826 2037 934 2094 irritati
956 2034 1049 2110 plebe,
1072 2035 1176 2110 adipis·

208 2114 294 2172 cendi
310 2115 435 2186 honoris,
449 2115 555 2170 deinde
570 2115 739 2188 indignatio,
753 2115 777 2170 si
792 2133 857 2170 eum
874 2114 919 2170 his
932 2115 1076 2189 gerendus
1099 2113 1176 2169 es'set

207 2194 307 2262 honos,
322 2193 496 2260 deterreret3
518 2191 659 2268 postremi)
674 2193 766 2248 coacti
782 2203 876 2248 tamen
894 2191 1090 2268 eprimeribus
1103 2189 1185 2266 pert

207 2273 263 2340 ere,
279 2289 316 2326 ne
330 2270 450 2326 cessisse
463 2270 640 2344 possessione
655 2271 819 2345 reipublicae
829 2269 1000 2328 viderentur.
1043 2269 1172 2326 Eventus

171 2364 304 2406 meorum
319 2349 497 2406 comitiorum
512 2349 619 2420 docuit,
642 2347 711 2410 alios
725 2349 835 2406 animos
850 2351 878 2406 in
894 2349 1076 2405 contentione
1089 2348 1174 2404 liber·

206 2427 272 2487 tatis
285 2426 497 2502 dignitatisque,
520 2427 599 2498 alios,
623 2426 782 2483 secundum
805 2427 933 2502 deposita
950 2427 1115 2496 certamina,
1131 2425 1175 2482 in·

207 2516 338 2580 corrupto
356 2504 465 2580 judicic
479 2522 561 2560 esse:
592 2505 721 2562 tribunos
745 2505 822 2562 enim
832 2523 937 2562 ‘omnes
947 2505 1081 2580 patricios
1096 2521 1175 2560 crea·

207 2585 246 2641 vit
259 2583 389 2660 populus,
403 2593 557 2639 contentus
571 2601 615 2653 eo,
640 2581 713 2656 quod
737 2584 807 2653 ratio
832 2583 928 2640 habita
942 2582 1116 2656 plebejorum
1131 2599 1175 2636 cs·

173 2661 259 2744 {set
290 2660 568 2734 ,Hancmodestiam
591 2661 806 2735 aequitatemque
830 2672 860 2717 et
881 2657 1059 2716 altitudinem
1084 2657 1173 2715 animi

173 2745 193 2830 ἶ
209 2741 255 2797 ubi
270 2739 393 2797 nuncin
409 2759 466 2796 uno
480 2739 633 2812 inveneris,
647 2757 710 2813 quae
725 2750 785 2796 tum
800 2738 895 2814 populi
910 2736 1034 2793 universi
1050 2735 1125 2792 luitl

172 2867 194 2980 Σ,
248 2895 317 2954 VII.
349 2897 438 2954 Anno
452 2895 654 2954 trecentesimo
668 2895 789 2966 decimo,
812 2895 895 2970 quim
916 2893 983 2950 urbs
997 2893 1093 2950 Roma
1106 2910 1175 2948 con·

172 2986 194 3034 ft
209 2976 269 3032 dita
281 2985 352 3041 erat,
366 2974 488 3049 primum
503 2975 608 3032 tribuni
633 2973 756 3030 militum
778 2993 829 3048 pro
849 2971 1015 3029 consulibus
1029 2970 1175 3046 magistra·

180 3052 269 3188 gtulrn
284 3054 394 3124 ineunt,
417 3053 453 3110 A.
469 3053 656 3146 Sempronius
677 3052 835 3122 Atratinus,
859 3051 892 3108 L.
910 3049 1022 3122 Atilius,
1049 3049 1087 3146 Τ.
1111 3047 1176 3105 Cre·

175 3151 302 3190 aeirus.
