2632 4224
527 375 633 426 LIBER
649 375 683 424 11.
716 389 777 426 car.
795 389 881 426 xxxn.
1136 377 1176 440 75

206 515 340 574 “frustra
354 516 475 574 dictator
497 536 554 574 ero.
597 517 756 574 Discordia
781 517 932 586 intestinae,
954 517 1059 574 bollum
1085 531 1176 578 exter·

206 599 319 666 fluum,
335 595 442 662 secere,
462 605 493 651 ut
515 596 570 651 hoc
591 595 759 670 magistratu
782 607 881 671 egeret
904 595 1073 670 respublica.
1116 598 1175 654 Pax
1252 622 1259 636 ¹

205 677 225 709 “
239 674 307 730 soris
320 685 400 747 parta
416 683 479 740 est;
514 673 591 728 domi
614 674 782 747 impeditur:
817 675 941 748 privatus
962 674 1065 748 potiris,
1090 677 1174 748 quam

206 755 226 788 ‘⁴
239 752 370 822 dictator,
392 751 524 807 seditioni
545 751 700 808 interero.”
742 745 800 822 Ital(
820 753 898 808 curia
920 771 1060 826 egressae,
1085 753 1179 809 dicta·

184 831 271 888 sture
296 847 327 884 se
352 829 504 884 abdicavit.
546 829 687 904 Apparuit
701 849 789 886 causa
809 829 895 904 plebi,
917 849 998 886 suam
1021 831 1111 886 vicem
1134 831 1178 888 in·
1220 859 1225 866 ·

208 909 376 983 dignantem
399 907 564 981 magistratu
586 906 695 963 abisse:
717 908 822 982 itaquo,
844 908 922 964 velut
942 908 1082 982 persoluta
1109 909 1177 978 fide,

206 985 341 1060 quoniam
356 1004 406 1059 per
425 1003 491 1040 eum
514 1003 571 1042 non
593 986 726 1050 stetisset,
748 986 816 1060 quin
831 997 1021 1061 prestaretur,
1035 985 1179 1044 deceden-

129 1131 133 1139 ,
207 1074 265 1121 tem
281 1065 398 1120 domum
412 1081 480 1119 cum
495 1063 589 1120 lavore
604 1082 637 1120 ac
652 1063 784 1120 laudibus
796 1063 938 1139 prosecuti
952 1074 1030 1120 sunt.
1219 1059 1222 1064 ’

130 1201 144 1219 ,Ι
176 1168 201 1200 st,

184 1215 239 1271 ‘k
248 1217 381 1276 XXXII.
409 1218 511 1275 Timor
533 1219 600 1275 inde
622 1217 720 1276 Patres
740 1219 868 1292 incessit,
882 1237 929 1287 ne,
944 1219 967 1276 si
982 1219 1116 1278 dimissus
1129 1239 1177 1277 ex·

174 1313 198 1352 ro
209 1299 315 1355 ercitus
331 1297 410 1365 loret,
425 1317 523 1352 rursus
538 1309 629 1354 coetus
645 1297 750 1354 occulti
773 1298 1039 1373 conjurationesque
1059 1299 1177 1356 lierent:

207 1377 313 1450 itaque,
335 1395 505 1450 quamquam
527 1395 577 1452 per
601 1376 768 1434 dictatorem
796 1377 924 1433 delectus
952 1377 1065 1432 habitus
1092 1388 1177 1450 esset,

208 1471 314 1524 tamen,
339 1455 473 1526 quoniam
496 1454 524 1510 in
545 1454 695 1510 consulum
721 1455 806 1511 rerba
824 1455 977 1529 jurassent,
998 1466 1178 1512 sacramento

161 1543 162 1546 ’
208 1533 298 1589 teneri
321 1532 440 1588 militem
462 1533 525 1598 rati,
559 1551 609 1606 per
630 1551 746 1594 causam
769 1535 894 1589 renovati
924 1533 959 1588 ab
987 1533 1089 1608 AEquis
1110 1533 1177 1590 belli

208 1611 294 1667 educi
309 1629 344 1666 ex
359 1611 428 1666 urbe
453 1610 581 1685 legiones
592 1610 718 1685 jussere:
747 1630 803 1685 quo
826 1611 902 1668 lacto
923 1609 1063 1668 maturata
1077 1611 1121 1667 est
1134 1629 1177 1666 se·
1204 1671 1210 1683 ‚
1291 1663 1295 1688 ,

173 1689 286 1746 reditio.
330 1687 367 1744 Et
390 1681 484 1762 primd
509 1688 645 1764 agitatum
667 1689 772 1746 dicitur
793 1690 829 1745 de
856 1690 1007 1746 consulum
1035 1690 1123 1758 caede,
1146 1700 1177 1748 ut
1207 1665 1251 1754 ἢ(
1303 1760 1307 1769 ⁴

207 1767 384 1823 solverentur
410 1777 607 1823 sacramento:
642 1765 741 1823 doctos
776 1767 891 1838 deinde,
925 1768 1032 1824 nullam
1068 1767 1177 1824 scelera
1230 1769 1267 1802 ¹⁸⁴

207 1845 374 1920 religionem
390 1844 507 1910 exsolvi,
522 1844 634 1901 Sicinio
654 1845 776 1918 quodam
801 1858 927 1916 auctore,
951 1845 1059 1920 injussu
1074 1864 1176 1901 consu-

206 1921 266 1978 lum
282 1923 311 1978 in
327 1924 447 1978 Sacrum
463 1933 589 1978 montem
611 1923 764 1979 secessisse
789 1921 881 1995 (trans
902 1924 1047 1980 Anienem
1062 1941 1177 1978 amnem

206 2011 259 2068 est,
273 2001 326 2056 tria
342 1999 378 2054 ob
394 1999 462 2054 urbe
478 1999 566 2056 millia
579 2002 738 2078 passuum.)
781 2000 824 2056 Ea
839 2000 1012 2074 frequentior
1034 1999 1108 2056 lama
1122 2012 1176 2068 est,

171 2077 304 2150 uuquam,
319 2077 402 2151 cujus
417 2077 482 2133 Piso
496 2089 595 2132 auctor
609 2089 660 2144 est,
676 2079 705 2133 in
721 2078 897 2134 Aventinum
913 2078 1104 2134 secessionem
1119 2079 1176 2135 lac·

205 2165 263 2210 tam
278 2174 350 2210 esse.
368 2154 446 2220 ·1bi‚
464 2155 532 2210 'sinc
554 2155 612 2210 ullo
635 2156 720 2226 duce,
742 2155 814 2211 vallo
839 2156 969 2230 fossisque
991 2157 1175 2212 communitis

206 2233 318 2298 castris,
343 2231 440 2306 quieti,
468 2251 527 2288 rem
556 2233 673 2304 nullam,
703 2233 758 2290 nisi
788 2235 977 2290 necessariam
999 2233 1035 2290 ad
1058 2235 1174 2304 victum,

205 2311 355 2382 sumendo,
369 2329 419 2385 per
433 2310 538 2384 aliquot
551 2309 622 2376 dies,
638 2328 731 2385 neque
745 2311 868 2370 lacessiti
883 2331 975 2386 neque
989 2311 1174 2381 lacessentes,

204 2391 409 2444 sesetenulre.
453 2388 541 2444 Pavor
563 2389 666 2464 ingens
688 2390 716 2446 in
740 2391 977 2464 urbe,'metuque
1003 2401 1101 2447 mutuo
1115 2409 1176 2446 sus·
1286 2393 1300 2418 ⁸

170 2480 294 2540 aspensa
315 2479 396 2523 erant
409 2467 515 2522 omnia.
557 2466 677 2523 Timere
689 2469 798 2556 felicta
819 2468 855 2523 ab
869 2469 928 2524 suis
950 2468 1047 2542 plebes
1069 2468 1175 2525 violen-

207 2544 275 2608 tiam
289 2545 416 2609 Patrum,
432 2546 532 2617 tjlnere
547 2545 647 2601 Patres
661 2546 782 2602 residem
797 2545 826 2601 in
842 2546 911 2602 urbe
926 2546 1048 2619 plebem,
1063 2546 1175 2614 incerti,
1197 2609 1200 2616 ‚

206 2641 322 2678 manere
337 2624 462 2678 eaman
488 2623 565 2679 abire
590 2623 715 2680 mallent.
758 2622 887 2684 “Quam
912 2624 961 2678 diu
983 2635 1078 2679 autem
1100 2635 1175 2680 tran-

206 2705 224 2736 “
234 2700 360 2774 quibam,
376 2719 439 2774 quae
454 2701 614 2774 secesserit,
629 2701 841 2758 multitudinem
857 2701 935 2756 sore-l
965 2702 1032 2774 quid
1048 2701 1174 2757 futurum

206 2782 225 2814 “
237 2778 352 2849 deinde,
367 2779 389 2834 si
404 2779 478 2852 quod
495 2791 643 2836 externum
661 2779 773 2836 iuterim
788 2779 893 2834 bellum
908 2778 1032 2834 existat?
1067 2779 1174 2834 nullam

171 2859 225 2912 ao“
234 2855 370 2930 profecto,
384 2857 439 2912 nisi
455 2857 484 2912 in
499 2857 651 2914 concordii
667 2857 783 2928 civium,
798 2875 876 2930 spem
893 2856 1030 2930 reliquam
1047 2856 1173 2920 ducere:

191 2931 296 2990 '“eam
311 2953 360 3008 per
375 2953 465 3009 aequa,
490 2954 539 3009 per
554 2935 660 3008 iniqua,
685 2935 926 2990 reconciliandam
949 2934 1057 2990 civitati
1080 2934 1173 2988 esse.'’

205 3012 318 3068 Placuit
332 3013 417 3087 igitur
437 3025 576 3070 oratorem
599 3013 634 3068 ad
656 3012 768 3086 plebem
793 3011 865 3067 mitti
880 3011 1049 3067 Menenium
1067 3011 1172 3085 Agrip-

204 3109 282 3166 pam,
302 3089 457 3162 facundum
484 3091 584 3156 virum,
610 3101 639 3146 et
656 3089 742 3165 (quod
767 3090 834 3146 inde
857 3089 995 3144 oriundus
1008 3087 1082 3166 erat)
1099 3087 1174 3163 plebi

205 3175 333 3225 carum}
357 3168 397 3234 Is,
425 3169 604 3225 intromissus
629 3167 656 3223 in
681 3182 783 3237 castra,
805 3167 899 3242 prisco
927 3166 975 3223 illo
1002 3165 1117 3223 dicendi
1145 3175 1175 3225 et

170 3245 319 3311 abhorrido
346 3248 440 3314 modo,
474 3245 547 3302 nihil
582 3246 670 3315 aliud,
698 3246 782 3320 quam
812 3246 876 3315 boc,
905 3247 1034 3302 narrasse
1069 3245 1193 3317 sertor:¹

206 3317 389 3400 “fempore,
403 3343 459 3399 quo
474 3325 503 3380 in
522 3324 636 3380 bomine
660 3343 729 3394 non,
752 3333 783 3380 ut
807 3343 896 3390 nunc,
920 3323 1018 3380 omnia
1040 3324 1068 3380 in
1085 3342 1174 3382 unum

205 3406 225 3440 “
237 3403 474 3470 consentiebant3
507 3403 557 3458 sed
581 3401 702 3476 singulis
724 3402 858 3458 membris
876 3421 959 3458 suum
982 3401 1087 3476 cuique
1105 3420 1174 3458 cou-

205 3479 338 3555 “ailium
352 3501 421 3538 suus
435 3500 528 3537 sermo
551 3480 651 3547 fuerat,
676 3481 839 3559 indignatas
860 3481 982 3554 reliquas
1004 3481 1174 3554 partesssul

204 3563 312 3626 “curib
327 3579 379 3616 suo
393 3560 489 3616 labore
504 3578 538 3615 ac
560 3559 727 3630 ministerio,
751 3560 839 3616 ventri
855 3559 952 3634 omnia¹
965 3559 1073 3632 quaeri:
1106 3575 1174 3614 ven·

169 3641 223 3696 tu‘l
233 3645 313 3706 trem,
329 3638 358 3694 in
375 3638 469 3694 medio
482 3637 618 3711 quietum,
634 3638 705 3694 nihil
728 3637 815 3709 aliud,
834 3639 919 3712 quim
935 3635 1010 3692 datis
1025 3635 1174 3710 voluptati·
1246 3687 1255 3705 ,
1313 3675 1314 3684 ,

204 3713 289 3774 “bus
307 3715 379 3772 frui:
415 3717 591 3790 conspirasse
615 3717 692 3784 inde,
715 3734 751 3771 ne
767 3733 868 3772 manus
883 3715 918 3778 ad
942 3733 974 3770 os
997 3714 1093 3770 cibum
1119 3713 1172 3768 fer·

204 3791 305 3866 ‘irent
333 3813 389 3851 nec
416 3813 447 3850 os
474 3794 618 3870 acciperet
644 3796 751 3864 datum,
780 3812 836 3850 nec
866 3795 966 3850 dentes
988 3791 1173 3850 coritieerent.
