2630 4228
165 313 207 374 aa
568 313 638 364 arm
655 312 740 362 crvrr

206 455 316 514 XLVI.
338 455 461 514 Concita
474 455 626 514 multitudo
638 463 925 530 erat‚.ccrtamenqne
940 454 1044 513 instare
1056 457 1133 516 vide-

166 531 257 591 batur.
300 535 430 592 Lictores
444 535 558 592 Icilium
581 535 846 590 circumsteterant:
875 553 930 590 nec
954 535 1025 590 ultra
1040 537 1132 594 minas

165 619 261 669 temen
277 631 440 687 processum
455 625 515 670 est:
535 632 622 686 quum
638 613 760 686 Appius,
788 601 886 670 “*Non
910 611 1068 686 Virginiam
1084 617 1132 672 de·

163 687 274 746 “feudi
301 691 338 746 ab
366 691 456 758 lcilio,
478 692 527 747 sed
550 691 708 764 inquietum
731 691 884 760 hominem,
906 701 935 746 et
955 691 1130 750 tribunatum

164 767 279 824 “etiarn
302 787 381 825 nunc
401 769 583 843 spirantem,
580 769 687 824 locum
708 769 856 826 seditionis
877 769 1033 842 quaererest'
1055 770 1132 827 dice·
1152 782 1166 821 a

164 858 227 913 ret3
261 851 346 903 “non
371 847 942 921 praebiturumseillieodiemateriam:
964 848 1014 904 sed
1029 859 1061 904 ut
1072 848 1130 922 jam

164 927 182 956 “
193 925 289 992 sciret,
304 944 360 981 non
376 919 405 980 id
419 925 582 999 petulantiae
597 943 666 995 suae,
690 925 740 980 sed
764 925 894 998 Virginio
908 925 1018 981 absenti
1033 937 1062 981 et
1082 945 1131 1001 pa·

164 1003 247 1060 “trio
261 1003 369 1060 nomini
383 1017 412 1059 et
425 1003 558 1068 libertati,
570 971 700 1091 daturri‚'
690 1023 737 1078 Jus
753 1021 787 1059 eo
801 1003 847 1058 die
862 1021 892 1059 se
907 1021 964 1059 non
977 1003 1130 1076 dicturum,
1215 1057 1216 1060 ,

163 1081 182 1114 “
192 1099 285 1155 neque
294 1081 458 1137 decretum
451 1092 681 1155 lnterposrlurum
692 1101 699 1149 3
713 1100 731 1137 a
740 1081 781 1137 M.
791 1081 914 1138 Claudio
923 1082 1087 1156 petiturum,
1100 1093 1131 1138 ut

162 1159 345 1215 “decederet
356 1160 420 1234 jure
435 1179 496 1224 suo,
513 1159 706 1232 vindicarique
722 1159 844 1233 puellam
855 1159 881 1214 in
895 1171 1038 1232 posterum
1053 1161 1128 1216 diem
1142 1171 1164 1210 ¹⁰
1248 1181 1251 1192 ·

163 1238 181 1270 ‘⁴
191 1249 343 1310 pateretur.
376 1235 464 1296 Qudd
478 1237 532 1294 nisi
543 1249 621 1311 pater
633 1249 743 1311 postero
754 1237 801 1294 die
810 1237 947 1302 affuisset,
959 1238 1129 1294 denuntiare

161 1317 181 1350 “
191 1333 221 1370 se
235 1314 318 1371 Icilio
332 1315 527 1388 similibusque
542 1315 626 1382 Icilii,
641 1334 734 1388 neque
748 1315 805 1390 legi
820 1333 878 1370 snae
893 1315 1021 1379 latorem,
1037 1335 1129 1389 neque

117 1466 119 1470 Ι
161 1393 353 1449 “decemviro
366 1393 555 1449 constantiam
570 1392 667 1448 delore
680 1412 700 1462 z,
721 1411 776 1448 nec
800 1411 830 1448 se
846 1393 941 1465 utique
956 1392 1129 1467 collegarum

104 1465 121 1474 ”
161 1471 303 1526 “lictores
317 1482 538 1526 convocaturum
564 1470 599 1525 ad
619 1471 795 1526 coercendos
816 1471 964 1526 seditionis
977 1482 1128 1539 auctores3

163 1555 360 1604 “contentum
375 1567 406 1604 se
420 1548 479 1603 suis
493 1547 640 1604 lictoribus
655 1547 744 1604 fore.'’
765 1547 868 1608 Quum
882 1549 1001 1604 dilatum
1016 1561 1129 1622 tempus
1140 1559 1163 1598 ¹⁵

161 1627 272 1701 injuriae
286 1636 371 1697 esset,
395 1625 636 1698 secessissentque
659 1626 789 1684 advocdti
811 1625 923 1699 puellae,
943 1626 1050 1700 placuit
1069 1646 1129 1683 om·

161 1705 240 1780 nium
257 1703 389 1777 primum,
405 1703 518 1760 fratrem
534 1703 609 1760 Icilii
634 1703 778 1777 filiumque
801 1703 829 1759 N
834 1704 966 1769 emiterii,
992 1704 1128 1778 impigros

158 1783 287 1858 jurense,
303 1799 421 1855 pergere
430 1781 497 1838 inde
509 1781 763 1856 rectdaedportam,
777 1792 816 1852 et,
825 1780 960 1854 quantdm
973 1782 1127 1838 accelerari

161 1870 265 1936 posset,
281 1859 443 1934 Virgininrn
466 1859 554 1916 acciri
568 1877 584 1914 e
600 1860 717 1924 castris:
752 1860 781 1914 in
806 1878 841 1915 eo
858 1859 926 1916 verti
941 1859 1043 1932 puellae
1054 1859 1129 1916 salu·

160 1951 228 2004 tem,
244 1938 267 1993 si
282 1948 393 2012 postero
407 1938 453 1994 die
469 1937 572 1994 vindex
591 1937 702 2012 injuriae
726 1938 761 1992 ad
783 1949 895 2012 tempus
916 1949 1018 2011 praesto
1041 1947 1161 1994 essetn

160 2015 179 2072 J
182 2015 237 2072 ussi
252 2026 384 2090 pergunt,
400 2015 548 2088 citatisque
563 2015 643 2088 equis
657 2015 789 2072 nuntium
801 2016 837 2071 ad
849 2027 956 2089 patrem
971 2015 1126 2088 perferunt.

159 2094 261 2164 Quum
276 2094 393 2149 instaret
406 2105 528 2150 assertor
550 2093 661 2167 puellae,
684 2103 716 2148 ut
740 2093 907 2163 vindicaret,
921 2111 1126 2166 sponsoresque

160 2173 260 2238 daret;
295 2181 379 2245 atque
393 2171 422 2227 id
444 2171 536 2245 ipsum
561 2171 607 2245 agi
629 2171 738 2227 diceret
759 2171 867 2240 Icilius,
892 2170 991 2226 sedulo
1015 2183 1126 2246 tempus

159 2259 263 2317 terens,
279 2249 346 2304 darn
361 2248 548 2322 praeciperent
563 2249 615 2306 iter
636 2249 729 2304 nuntii
753 2248 832 2304 missi
855 2249 883 2303 in
906 2260 1126 2315 castrametatus

159 2327 257 2384 tollere
271 2326 397 2399 undique
418 2326 578 2397 multitudo,
602 2337 632 2382 et
653 2345 683 2382 se
703 2325 821 2399 quisque
842 2336 972 2399 paratum
993 2327 1029 2382 ad
1043 2336 1160 2400 spon-2⁵

159 2405 285 2460 dendum
301 2403 383 2460 lcilio
396 2403 555 2460 ostendere.
590 2407 693 2477 Atque
705 2403 752 2460 ille
761 2403 1010 2476 lacrymabundus,
1026 2405 1126 2461 “Gra-

149 2487 179 2562 ‚l‘
191 2493 250 2538 tum
265 2483 336 2551 est,·’'
352 2481 459 2555 inquit:
492 2490 511 2518 “
523 2482 649 2538 crastinis
662 2482 709 2538 die
724 2483 816 2537 vestrd
830 2483 916 2555 operi
930 2493 1012 2538 utar:
1044 2501 1126 2556 spon·

160 2566 178 2598 ‘⁴
191 2579 284 2617 sorum
300 2579 378 2616 nunc
393 2560 461 2618 satis
471 2560 543 2616 est.”
586 2559 630 2616 Ita
645 2560 804 2616 vindicatur
820 2559 959 2634 Virginis,
984 2561 1127 2634 sponden-

159 2639 234 2696 tibus
258 2638 431 2714 propinquis.
481 2638 603 2712 Appius,
625 2638 767 2712 paulisper
789 2649 921 2706 moratae,
943 2657 980 2694 ne
1002 2639 1064 2714 ejus
1084 2641 1125 2696 rei

158 2735 247 2774 causa
271 2717 378 2772 sedisse
403 2717 555 2782 videretur,
580 2727 736 2790 postquam,
758 2716 870 2773 omissis
892 2685 978 2772 rribus
992 2717 1054 2772 aliis
1068 2725 1160 2791 prae³⁰

124 2851 127 2856 ,
158 2796 228 2852 cura
243 2813 336 2862 unius
351 2813 436 2851 nemo
450 2795 556 2866 adibat
578 2794 692 2850 domum
708 2811 738 2850 se
752 2809 877 2868 recepit
907 2794 1102 2868 collectisque
1096 2815 1125 2852 m

158 2885 251 2930 castra
265 2857 374 2944 scribit,
388 2877 407 2909 ‘⁶
417 2891 453 2928 ne
468 2871 798 2946 Virginiocommeatnm
811 2873 879 2928 dent
882 2881 983 2946 ,atque
997 2873 1083 2930 etiam
1096 2873 1124 2929 in

158 2957 177 2990 “
189 2952 317 3008 custodia
333 2919 464 3006 habeant.
468 2951 484 2977 ”
517 2950 681 3024 Improbum
691 2951 842 3007 consilium
852 2969 957 3017 serum,
972 2961 1003 3007 ut
1017 2951 1125 3023 debuit,

159 3029 227 3086 luit:
248 3030 356 3104 etjam,
371 3039 533 3086 commeatu
554 3039 675 3102 sumpto,
694 3029 838 3102 profectus
863 3029 1012 3103 Virginius
1035 3031 1125 3105 prima

157 3107 254 3182 vigilia
276 3118 345 3172 erat,
368 3127 454 3181 quum
476 3117 589 3182 postero
609 3107 655 3162 die
670 3125 764 3172 mene,
785 3107 822 3162 de
843 3107 993 3163 retinendo
1011 3127 1056 3176 eo,
1078 3115 1159 3166 ne·³⁵

157 3185 312 3259 quidquam
326 3185 414 3241 literae
428 3185 595 3242 redduntur.

198 3341 327 3398 XLVII.
350 3341 390 3398 At
404 3341 433 3398 in
448 3341 536 3413 Urbe,
550 3341 728 3416 primamne,
743 3343 946 3416 quumcivitas
960 3343 988 3400 iu
1004 3344 1065 3401 soro
1078 3363 1125 3400 ex·

158 3421 333 3495 spectatione
348 3431 444 3477 erecta
468 3430 564 3487 steret,
586 3421 735 3496 Virginius
757 3422 918 3478 sordidatus
942 3421 1028 3477 liliam
1044 3441 1124 3477 suam

157 3498 282 3564 obsoleti
297 3509 384 3571 veste,
399 3498 602 3555 comitantibus
625 3499 730 3572 aliquot
754 3500 899 3564 matronis,
924 3517 991 3554 curn
1014 3500 1123 3574 ingenti

158 3577 342 3634 advocatione
368 3577 397 3633 in
419 3577 508 3633 forum
531 3577 656 3634 deducit.
699 3577 858 3634 Circumire
879 3577 919 3634 ibi
940 3588 969 3633 et
990 3597 1124 3652 prensare
1135 3589 1159 3630 to

158 3655 288 3712 homines
301 3656 403 3731 coepit:
419 3667 448 3711 et
461 3674 518 3711 uon
533 3674 613 3712 orare
627 3654 718 3712 solinu
733 3655 889 3730 precariam
903 3673 997 3730 opem,
1009 3655 1058 3712 sed
1074 3675 1124 3730 pro
1196 3663 1198 3670 ’

157 3733 255 3791 debita
267 3745 380 3810 petere:
413 3739 431 3772 V
444 3735 482 3790 Se
496 3752 547 3808 pro
568 3732 664 3790 liberis
687 3752 786 3790 eorum
800 3753 834 3790 ac
848 3733 1020 3810 conjugibus
1032 3734 1124 3810 quoti·
