2632 4224
1180 276 1201 310 ἱ

572 379 675 430 LIBER
693 381 713 428 1.
733 393 794 428 car.
808 393 870 428 xrrr.
1165 381 1201 436 15

233 543 300 582 arce
314 524 527 590 decucurrerat,
542 533 571 580 et
584 523 689 580 effusos
702 539 777 598 eger
773 533 801 579 ιι
814 521 972 592 Romanoa,
985 529 1044 577 toto
1061 529 1199 594 quantum

233 604 295 660 foro
309 605 429 678 spatium
444 612 505 658 est:
527 621 582 658 nec
596 602 716 678 procul
707 621 766 676 jam
780 621 797 657 a
811 601 891 675 porta
905 566 1004 655 Ριιιιιιι
1019 610 1088 668 erat,
1100 598 1200 654 clami·

233 692 309 753 tans,
340 692 357 718 ‘⁴
371 681 501 738 Vicimus
523 681 646 754 perfidos
667 681 800 768 hospites,
826 679 955 735 imbelles
979 679 1082 734 hostes.
1132 677 1198 734 Jarn

236 770 255 795 ‘⁶
268 760 368 829 sciunt
392 758 478 834 longe
504 759 580 815 aliud
603 777 666 814 esse
687 758 812 832 virgines
835 776 944 832 rapere,
971 756 1048 812 aliud
1071 773 1199 830 pugnare

211 841 254 892 ⁵“
266 857 331 894 oum
345 839 421 894 viris.
424 838 442 864 '⁹
485 837 519 920 In
544 856 620 909 eum,
636 838 697 892 haec
711 837 890 911 gloriantem,
904 853 970 891 cum
985 833 1069 908 globo
1083 834 1198 890 ferocis-

234 916 369 972 simorum
388 911 526 992 juvenbni
540 915 683 972 Romulus
707 915 843 988 impetum
858 913 934 970 facit.
977 911 1022 969 Ειι
1042 930 1114 985 equo
1138 927 1198 968 tum

234 993 305 1050 sorte
330 993 440 1051 Mettus
462 995 624 1069 pugnabat:
646 992 680 1048 ed
701 993 766 1067 pelli
789 992 900 1048 facilins
921 991 991 1048 suit:
1012 989 1124 1064 pulsum
1139 991 1200 1048 Ito·

234 1073 311 1128 mani
335 1083 558 1146 persequuntur:
583 1085 612 1128 et
632 1071 687 1127 alia
711 1072 845 1128 Romana
868 1070 954 1140 acies,
979 1068 1100 1124 audacia
1123 1068 1199 1142 regis
1278 1079 1282 1086 ’

235 1163 367 1216 accensa,
383 1151 477 1208 fundit
491 1150 623 1207 Sabinos.
666 1149 794 1206 Mettus'
788 1169 818 1205 ιιι
838 1117 971 1224 paludem
994 1166 1056 1202 sese
1059 1147 1199 1221 ‚strepitu

200 1229 413 1318 resequentium
427 1229 586 1318 trepidante
600 1248 683 1302 equo,
684 1227 840 1316 conjecit:
863 1192 1076 1299 adveneratqu'e
1098 1243 1199 1282 sares

234 1307 320 1363 etiam
335 1309 457 1364 Sabinos
480 1307 551 1364 tanti
575 1306 740 1384 periculo
715 1325 776 1362 vrrr
819 1305 856 1361 Ει
871 1305 916 1360 rlle
930 1305 1056 1378 quidem
1070 1323 1200 1360 annuen-

144 1392 149 1401 '
234 1386 310 1442 tibus
323 1405 357 1443 ac
371 1387 538 1442 vocantibus
552 1386 621 1456 saie,
630 1383 724 1441 savore
739 1383 890 1440 multorum
906 1383 1002 1440 addito
1016 1383 1121 1448 animo,
1136 1401 1200 1440 eva·

234 1463 312 1520 dit.-
304 1465 453 1522 ·Romani
468 1463 646 1540 Sabinique
639 1483 668 1520 ιιι
683 1463 778 1520 media
789 1461 918 1519 convalle
929 1462 1048 1517 duorum
1060 1461 1198 1518 montium

234 1542 431 1618 redintegrant
443 1543 593 1618 proelium:
615 1543 665 1599 sed
679 1561 725 1600 res
741 1541 874 1598 Romana
886 1551 948 1598 erat
962 1539 1128 1614 superior.

175 1617 214 1650 <3

120 1689 154 1740 ’ἶ
145 1719 225 1770 «ιι
274 1699 362 1756 XIII.
384 1700 463 1756 Tum
479 1700 594 1756 Sabinae
608 1699 741 1756 mulieres
744 1717 886 1773 ,quarum
907 1716 943 1753 ex
963 1697 1067 1787 injuriat
1092 1697 1196 1754 bellum

234 1791 326 1834 ortum
340 1789 410 1850 erat,
424 1779 552 1835 crinibus
565 1779 655 1853 passis
676 1778 821 1851 scissaque
842 1787 929 1848 veste,
945 1776 1019 1833 victo
1042 1777 1124 1832 malis
1138 1795 1198 1832 rnu-

234 1855 316 1912 liebri
330 1875 442 1945 pavore,
459 1876 534 1912 ausae
549 1875 579 1913 se
598 1857 671 1912 inter
693 1856 748 1931 tqla
770 1855 893 1912 volantia
914 1823 1027 1923 iirlerre,
1049 1869 1084 1910 ex
1108 1867 1198 1910 trans-

234 1953 315 1991 verso
329 1935 436 2010 impetu
457 1935 542 2000 facto,
563 1912 716 1990 driibrere
717 1933 837 1990 'infestas
860 1935 945 2003 scien,
969 1929 1132 1990 dirimere
1126 1953 1196 2002 rras;

235 2012 313 2068 hinc
317 2023 420 2102 patrea,
435 2013 503 2070 hinc
527 2013 600 2069 viros
622 2022 746 2085 orantes,
769 2012 846 2068 “Ne
868 2031 898 2068 se
919 2012 1059 2088 sanguine
1074 2011 1197 2068 nefando

200 2097 242 2146 ao‘
245 2092 356 2147 ‘soceri
374 2092 530 2166 generique
553 2102 766 2166 respergerent:
789 2110 826 2146 ne
847 2091 999 2164 parricidio
1020 2091 1198 2148 macularent

148 2209 155 2223 .
235 2173 253 2200 “
264 2180 363 2244 partus
377 2189 451 2238 snos,
466 2180 599 2242 nepotum
614 2170 664 2233 illi,
679 2169 797 2224 libertam
813 2169 841 2224 hi
855 2168 1029 2243 progeniem.
1065 2169 1095 2224 Si
1108 2169 1197 2226 affini-

236 2253 253 2279 “
266 2247 337 2321 tatis·
347 2247 419 2302 inter
434 2266 489 2317 vos,
504 2247 527 2304 si
551 2247 687 2304 connubii
711 2247 798 2322 piget,
812 2247 842 2303 in
866 2266 918 2303 nos
939 2247 1037 2304 vertite
1052 2247 1123 2304 iras:
1145 2268 1196 2305 nos

142 2358 148 2368 ·
236 2335 355 2382 “causa
376 2325 451 2398 belli,
465 2345 518 2382 nos
532 2325 680 2382 vulnerum
704 2345 738 2381 ac
760 2326 881 2382 caedinm
903 2325 969 2382 viris
983 2345 1017 2383 ac
1032 2327 1196 2400 parentibus

235 2413 254 2440 “
266 2423 380 2460 sumus:
395 2403 495 2460 melitis
505 2404 669 2479 peribimus
681 2403 766 2478 qnam
782 2405 843 2460 sine
859 2404 954 2460 alteris
968 2407 1196 2464 vestrums'iduae

201 2491 315 2540 want
334 2483 410 2540 orbae
431 2483 587 2553 viaemus.''
629 2481 726 2539 Movet
749 2501 793 2538 res
815 2495 874 2539 tum
898 2483 1119 2554 multitudinem,
1136 2496 1196 2542 tum

235 2561 332 2617 duces
375 2561 528 2618 Silentium
542 2571 569 2617 et
586 2561 733 2636 repentina
747 2561 777 2617 lit
790 2563 889 2636 quies:
911 2561 978 2616 inde
1002 2563 1037 2616 ad
1052 2530 1143 2617 foedirs
1158 2563 1196 2618 laa-

200 2639 370 2704 mciendum
384 2641 474 2696 duces
488 2640 644 2713 prodeunt
666 2659 720 2696 nec
742 2659 841 2714 pacem
863 2638 958 2708 modb,
977 2639 1079 2696 sedet
1068 2641 1196 2696 tcirita·

201 2731 220 2754 ι*
214 2732 292 2782 tem
314 2737 400 2774 unam
421 2737 456 2774 ex
477 2719 589 2774 duabus
612 2717 737 2774 faciunt:
759 2737 879 2793 regnum
902 2685 1086 2786 corisoolant;
1110 2720 1196 2794 impe·

206 2787 307 2875 :rium
333 2815 418 2852 omne
445 2797 596 2853 conferunt
622 2797 755 2854 Romam.
812 2797 855 2853 Ita
880 2796 1025 2871 geminata
1059 2762 1137 2868 albe,
1166 2813 1196 2854 ut

207 2848 350 2940 Sabinis
364 2886 458 2932 tamen
474 2876 580 2950 aliquid
594 2875 674 2932 daret
663 2887 717 2942 tur,
732 2874 862 2968 Quirites
877 2895 894 2931 a
907 2875 1033 2931 Curibus
1054 2864 1194 2950 appellati

189 2943 495 3028 2Monumentum
470 2973 532 3029 ejus
546 2973 657 3043 pugnae,
673 2953 721 3009 nbi
735 2952 855 3042 ιιιιιιιιιιιι
871 2973 906 3010 err
919 2954 1058 3028 profundat
1068 2973 1195 3011 emersus

207 3064 221 3091 ι
201 3003 337 3112 Ξιιιιιιιιιι
351 3051 440 3106 equus
461 3032 621 3088 Curtium
614 3052 643 3088 m
668 3032 739 3087 vado
760 3032 867 3098 statuit,
882 3031 1013 3088 Curtium
1035 3032 1129 3089 lacum
1148 3053 1196 3108 ap-

201 3095 383 3182 ριιιιιιιιιιι.
426 3110 471 3166 Ex
497 3111 570 3171 bello
591 3123 647 3166 tam
670 3110 742 3166 tristi
764 3111 827 3167 laeta
848 3109 965 3185 repente
991 3129 1048 3185 pax
1073 3113 1196 3169 cariores

236 3187 395 3244 Sabinas
370 3189 437 3244 vrris
450 3207 483 3244 ac
497 3189 672 3262 parentibus,
681 3201 710 3245 et.
724 3199 789 3244 ante
799 3207 899 3246 ornnes
910 3189 1053 3247 Romulo
1046 3192 1108 3265 ipsi,
1119 3191 1194 3250 lecit.

201 3264 344 3338 caltaque,
352 3285 443 3356 quum
454 3267 621 3342 populum
615 3285 644 3323 ιιι
663 3267 759 3324 curias
777 3267 893 3342 triginta
916 3258 1064 3334 divideret,
1079 3271 1196 3328 nomina

236 3359 332 3399 earum
347 3345 432 3401 curiis
447 3344 588 3419 imposuit.
631 3345 665 3400 Id
680 3363 736 3402 non
750 3347 878 3412 traditur,
896 3345 995 3420 (quum
1013 3348 1088 3404 haud
1107 3349 1195 3406 dubie

235 3421 379 3496 aliqnantb
403 3443 539 3480 numerus
565 3423 653 3498 major
674 3423 728 3480 hoc
749 3425 900 3481 mulierum
917 3425 1019 3514 sperit)
1043 3437 1134 3494 aetate,
1157 3447 1192 3484 an

234 3499 421 3592 dignitatibus
434 3501 493 3560 suis
506 3501 674 3573 virorumve,
689 3522 725 3558 an
740 3513 813 3559 sorte
827 3503 908 3560 lectae
922 3503 988 3570 sint,
1003 3523 1066 3578 quae
1080 3507 1196 3562 nomina

234 3579 320 3636 curiis
341 3581 450 3637 darent.
502 3580 611 3637 Eodem
634 3591 759 3656 tempore
781 3591 809 3638 et
832 3581 968 3639 centuriae
989 3592 1046 3638 tres
1068 3579 1195 3658 equitum

200 3673 225 3712 ιο
234 3658 402 3732 conscriptae
428 3669 511 3716 sunt:
542 3659 724 3718 Ramnenses
745 3660 781 3715 ab
802 3660 936 3730 Romulo,
958 3661 994 3718 ab
1020 3659 1096 3717 Τιιο
1109 3659 1196 3718 Tatio

233 3734 381 3794 Titienses
394 3737 524 3812 appellati
539 3757 545 3792 :
566 3737 711 3794 Lucerum
726 3739 849 3809 nominis
862 3751 891 3794 et
908 3739 1026 3811 originis
1047 3757 1133 3792 causa
1155 3740 1196 3793 in-

233 3827 311 3871 certa
325 3825 376 3871 est.
418 3813 491 3871 Inde
512 3835 569 3872 non
592 3814 675 3872 modo
697 3819 859 3882 commune,
884 3817 933 3870 sed
957 3833 1077 3870 concors
1098 3816 1194 3880 etiam,

233 3909 353 3968 regnum
368 3893 479 3952 duobus
491 3894 607 3970 regibus
620 3893 682 3950 luit.
743 3893 749 3989 ι

984 4039 990 4063 t

740 4138 742 4162 t

740 4173 744 4200 l
