2630 4228
512 320 618 372 LIBER
633 321 680 370 lx.
707 333 835 384 onnxvn
914 387 917 392 Ι
1097 324 1156 384 los

182 467 212 498 ‘⁸‘
221 461 270 537 qui
284 472 312 522 te
333 463 448 540 captum
461 463 572 535 victori,
590 483 657 522 eum
670 464 727 538 qud
740 475 821 538 potes
833 461 899 527 fide„
914 460 1060 518 restituisl
1103 461 1161 521 Po»

192 541 318 614 “pulum
334 543 498 602 Romanum
515 542 645 616 appello;
674 541 797 615 quernei
818 539 977 614 sponsionis
991 541 1026 596 ad
1037 539 1155 597 ¹Furcu-

192 623 211 658 ‘⁵
219 619 261 676 las
276 621 421 680 Caudinas
434 622 515 678 factm
526 621 654 694 poenitel,
669 620 798 675 restituat
811 618 938 692 legiones
952 617 1025 674 intra
1039 619 1151 690 saltum,

192 701 276 770 “quo
289 698 375 773 septae
390 699 512 756 fuerunt„
555 698 649 754 Nemo
669 715 839 770 quemquam
861 696 1023 770 deceperit:
1057 697 1155 754 omnis

169 779 271 848 s“pro
284 777 391 834 infecto
412 778 488 834 sint:
520 773 766 849 recipientium,
782 793 845 848 que
859 793 908 847 per
923 773 1084 847 pactionem
1100 787 1156 832 tra·

193 853 373 927 “dideruntlz
395 855 513 912 redeunt
527 853 555 909 in
571 865 664 910 castra
677 871 736 908 sua.
777 851 927 924 Quidquid
952 852 1042 925 pridie
1067 853 1156 909 habu-

193 932 312 1004 “erunt,
327 931 411 1006 quim
428 933 456 990 in
471 931 642 1005 colloquium
657 941 700 988 est
714 942 840 1001 rentum,
855 929 995 988 habeant:
1025 940 1085 986 tum
1099 931 1157 987 bel·

193 1012 212 1039 “
221 1009 279 1066 lum
293 1022 322 1066 et
336 1011 417 1066 fortia
430 1011 550 1068 consilia
564 1009 714 1082 placeant;
744 1020 812 1064 tunc
836 1007 951 1081 sponsio
964 1018 993 1064 et
1007 1026 1061 1081 pax
1074 1027 1156 1082 repu-

193 1087 322 1147 “dietur.
364 1089 407 1146 Es
422 1089 545 1159 fortuni,
559 1087 594 1144 iis
617 1086 697 1163 locis,
721 1105 783 1160 quae
808 1097 873 1142 ante
888 1085 967 1158 pacis
981 1086 1155 1142 mentionem

160 1179 183 1218 tu
193 1168 211 1196 “
222 1166 381 1236 habuimus,
407 1185 541 1241 geramus
560 1164 686 1220 bellum:
720 1183 776 1221 nec
790 1163 909 1238 populus
925 1163 1074 1220 Romanus
1088 1183 1156 1220 con·

192 1244 313 1300 “sulum
328 1245 518 1318 sponsionem,
533 1261 655 1299 necnos
675 1242 760 1298 fidem
781 1240 876 1315 populi
899 1241 1024 1298 Romani
1038 1260 1157 1298 accuse·

192 1323 292 1378 “mus
334 1323 528 1396 Nunquamne
547 1339 638 1378 ¹causa
657 1319 752 1386 defiet,
768 1337 818 1376 eur
832 1318 899 1374 victi
914 1329 997 1392 pacto
1021 1337 1078 1376 non
1100 1330 1157 1375 ste-

192 1399 278 1456 “tisl
326 1399 450 1457 Obsides
474 1399 606 1456 Porsense
627 1397 773 1466 dedistiss
796 1396 870 1453 furto
893 1413 942 1452 eos
962 1396 1156 1454 subduxistis:

192 1478 211 1504 “
220 1486 288 1547 'suro
299 1477 443 1534 civitatem
457 1495 474 1538 e
487 1477 577 1545 Gallis
588 1475 766 1544 redemistis3
796 1475 869 1530 inter
890 1473 1090 1548 accipiendum
1106 1494 1155 1532 su·

157 1555 283 1612 15“rum
297 1555 364 1612 caesi
386 1558 471 1629 suut:
503 1573 604 1630 pacem
625 1553 775 1624 nobiscum
798 1551 953 1627 pepigistis,
979 1563 1010 1608 ut
1027 1551 1157 1627 legiones

95 1648 97 1651 ’
191 1633 298 1688 “vobis
322 1643 420 1708 captas
441 1633 670 1704 restitueremus3
705 1649 768 1687 eam
790 1648 891 1704 paoem
913 1629 1020 1694 irritem
1042 1630 1155 1700 facitis3

191 1711 250 1766 “et
263 1729 374 1784 semper
395 1710 517 1786 aliquam
541 1710 634 1767 fraudi
654 1709 780 1784 speciem
801 1707 873 1784 juris
892 1706 1045 1782 imponitis.
1086 1707 1155 1765 Non

191 1788 210 1814 “
219 1788 319 1861 probet
332 1789 453 1862 populus
465 1785 625 1846 'Romanus
646 1786 837 1863 ignominiose
856 1803 928 1860 pace
948 1785 1078 1860 legiones
1097 1805 1156 1843 ser·

189 1859 318 1921 “vetasl
347 1885 448 1940 pacem
472 1867 525 1922 sibi
543 1867 655 1936 habeat,
669 1865 797 1940 legiones
818 1874 916 1938 captas
930 1863 1027 1920 victori
1042 1864 1156 1920 restitu-

155 1936 267 1998 so“at:
299 1943 354 2000 hoc
377 1943 442 2014 fide,
467 1945 522 2001 hoc
549 1943 712 2013 soederibus,
737 1943 792 1998 hcc
815 1941 963 2016 fecialibus
983 1941 1155 1998 caerimoniis

189 2015 337 2095 “dignum
348 2031 417 2078 erat.
459 2021 498 2078 Ut
510 2033 542 2080 tn
555 2021 681 2095 quidem,
705 2020 779 2094 quod
802 2018 906 2093 petisti,
929 2037 979 2092 per
993 2019 1154 2093 pactionem

189 2093 333 2166 “hebess,
355 2109 397 2154 tot
420 2099 497 2156 cives
517 2099 694 2166 incolumes;
714 2115 782 2174 ego
806 2115 917 2171 pacem,
940 2115 1026 2170 quam
1049 2095 1150 2177 [hosti]

189 2171 209 2204 “
218 2175 272 2231 tibi·
283 2176 454 2234 remittendo
468 2187 568 2251 pactus
582 2195 655 2242 sum,
670 2195 727 2232 non
742 2176 881 2244 habeam
910 2175 964 2231 hoc
976 2185 1017 2238 tu.
1032 2175 1069 2230 A.
1084 2175 1155 2232 Cor·

189 2250 286 2323 “treli,
311 2254 365 2310 hoc
380 2272 436 2324 vos,
452 2253 576 2320 feciales,
599 2253 670 2329 juris
691 2253 825 2328 gentibus
846 2251 965 2310 dicitist
1007 2252 1070 2329 Ego
1089 2252 1154 2310 verb

154 2329 208 2382 25“
218 2330 295 2402 istos,
316 2351 385 2406 quos
399 2332 466 2390 dedi
486 2332 635 2403 simuletis,
656 2351 713 2388 nec·
726 2331 845 2406 accipio,
867 2350 922 2388 nec
936 2331 1002 2388 dedi
1017 2331 1153 2402 arbitron

189 2407 272 2466 “nec
293 2429 394 2480 moror,
416 2408 472 2484 qud
492 2409 588 2487 mimis
609 2409 639 2466 in
664 2409 807 2466 civitatem
827 2409 980 2485 obligatam
1002 2410 1154 2484 sponsione

188 2485 376 2557 “commissit¹
402 2487 480 2544 iratis
503 2488 636 2544 omnibus
657 2486 729 2557 Diis,
746 2500 870 2562 quorum
891 2488 1014 2544 eluditur
1034 2507 1153 2560 numen,

188 2564 344 2621 “redeant
397 2565 494 2622 Gerite
523 2565 638 2637 bellum,
666 2567 780 2639 quando
801 2567 851 2640 Sp.
879 2564 1041 2622 Postumius
1069 2564 1153 2622 modb

188 2641 339 2716 “legatum
355 2642 484 2700 lecialem
498 2663 575 2718 genu
589 2644 717 2718 perculit.
760 2643 804 2720 Ite
829 2641 877 2700 Dii
898 2643 1023 2712 credent,
1040 2644 1140 2700 Samni

154 2721 207 2768 θοι(
219 2730 275 2776 tem
290 2721 383 2777 civem
395 2721 583 2792 Postumium,
608 2741 666 2778 non
691 2722 782 2778 civem
805 2721 980 2792 Romanum,
1005 2739 1078 2787 esse,
1092 2731 1122 2778 et
1135 2740 1153 2778 a

187 2797 346 2856 “Samnite
359 2796 484 2874 legatum
500 2799 664 2856 Romanum
680 2791 830 2856 violatum:
861 2797 896 2854 eb
909 2798 989 2855 vobis
999 2798 1106 2873 justum
1122 2799 1150 2856 in

138 2906 140 2911 .
187 2879 267 2932 “nos
289 2876 397 2932 sectum
419 2896 482 2934 esse
507 2877 621 2934 bellum.
664 2877 737 2934 Haec
760 2877 882 2934 ludibria
902 2877 1070 2952 religionum
1093 2895 1151 2934 non

187 2954 322 3028 “pudere
337 2955 366 3010 in
381 2955 475 3012 lucem
490 2955 643 3030 prolerre-l.
669 2966 700 3012 et
713 2955 757 3012 vix
771 2957 867 3029 pueris
891 2956 993 3030 dignas
1017 2955 1152 3030 ambages

188 3043 300 3088 “senes
320 3033 541 3111 tec-consuleres
563 3033 693 3090 sallendae
720 3034 785 3090 fidei
810 3033 978 3107 exquirerel
1019 3032 1043 3099 I,
1058 3033 1151 3106 lictor,

152 3109 298 3166 ³⁵“deme
325 3109 419 3166 vincla
445 3111 603 3171 Romanis:
638 3121 762 3168 moratus
786 3111 822 3168 sit
846 3129 940 3182 nemo,
967 3109 1022 3184 qud
1047 3111 1150 3184 miride,

186 3197 204 3222 ‘⁸
215 3188 264 3243 ubi
279 3188 372 3244 risum
383 3189 477 3254 suerit,
492 3190 626 3246 nbeent.”
668 3189 706 3256 Et
720 3189 759 3244 illi
774 3189 898 3262 quidem,
909 3189 1023 3246 forsitan
1038 3203 1067 3246 et
1081 3191 1151 3264 pub-

185 3263 253 3331 lios,
268 3266 320 3322 sub
341 3267 417 3324 certe
439 3267 558 3325 liberati
577 3267 645 3340 lide,
658 3267 694 3326 ab
715 3266 827 3324 Caudio
845 3266 875 3324 in
899 3277 993 3324 castre
1016 3269 1151 3325 Romans

117 3370 120 3376 1
186 3341 314 3400 inviolati
325 3345 479 3404 redieruut

225 3499 308 3559 XVI.
330 3543 338 3558 .
359 3545 366 3559 .
388 3541 424 3558 .,.
447 3545 454 3559 .
477 3502 529 3580 [L.
544 3503 689 3578 {Papirius
705 3501 826 3582 Cursor]
849 3502 902 3560 fuit
915 3503 959 3560 vir
970 3503 1047 3560 haud
1061 3501 1148 3560 dubie

151 3578 290 3654 wdignns
316 3581 393 3637 omni
416 3577 524 3639 bellicd'
541 3581 635 3650 laude,
660 3600 716 3638 non
742 3581 829 3638 enimi
856 3581 945 3637 soldm
971 3580 1075 3655 vigore,
1097 3579 1147 3636 sed

184 3658 270 3714 etism
284 3659 409 3734 corporis
424 3659 529 3714 viribus
542 3659 693 3718 excellens.
735 3659 884 3733 Praecipua
906 3658 1010 3732 pedum
1027 3657 1148 3732 pernici·

183 3745 226 3792 tas
241 3736 341 3804 inerat,
357 3756 419 3812 quae
437 3755 600 3871 cognoppn
623 3737 708 3794 etiem
723 3737 817 3806 dedit;
849 3737 1040 3809 victoremque
1060 3753 1146 3791 cursu
