2620 4220
504 333 611 388 amsa
626 337 745 390 XXXlV.
774 353 884 390 oanni.
1112 337 1172 416 255

210 476 305 555 “quid
326 477 441 538 taudem
462 475 527 538 nori
547 489 683 540 matronae
704 480 842 553 lecerunt,
863 478 938 556 qudd
960 477 1122 554 frequentes
1142 481 1172 540 in

209 556 327 616 “causa
341 559 375 616 ad
390 577 420 616 se
434 560 595 633 pertinente
618 560 648 616 in
670 561 816 636 publicum
829 560 1048 636 processeruntl
1089 559 1173 617 Nun-

209 635 322 711 “quam
350 648 416 694 ante
444 637 499 696 hcc
519 648 631 713 tempus
651 638 680 696 in
701 639 815 714 publico
836 638 1051 713 apparueruntl
1092 637 1173 694 Tuas

210 713 373 779 “adversus
398 727 427 774 te
457 719 465 750 ⁴
484 716 643 790 origines’
668 718 817 774 revolvam.
872 715 993 790 Accipe,
1014 714 1124 790 quoties
1144 715 1173 772 id

189 792 368 866 ⁵“secerint,
389 795 552 869 etquidem
567 813 678 870 semper
698 795 773 852 bono
795 793 919 870 publico.
960 791 1025 850 Jam
1040 813 1057 850 a
1070 794 1175 869 princi·

209 871 293 946 “pio,
308 883 446 948 regnante
461 873 594 943 Romulo,
609 892 707 948 quum,
725 873 867 950 Capitolio
887 873 923 928 ab
945 872 1059 928 Sabinis
1080 883 1173 948 capto,

207 949 228 983 “
237 951 332 1008 medio
345 951 375 1008 in
390 951 450 1010 foro
463 951 553 1026 siguis
566 951 675 1010 collatis
688 953 880 1022 dimicaretur,
895 969 991 1008 nonne
1013 951 1174 1008 intercursu

208 1028 430 1090 “matronarum
443 1030 516 1088 inter
530 1030 608 1088 acies
621 1031 693 1088 duas
703 1031 832 1105 proelium
844 1031 974 1087 sedatum
985 1030 1051 1086 esti
1072 1027 1174 1088 Quidt

208 1108 352 1184 “regibus
373 1108 492 1175 exactis,
513 1119 611 1182 quum,
633 1109 786 1166 Coriolano
807 1108 919 1166 Marcio
939 1108 1024 1174 duce,
1046 1106 1174 1182 legiones

175 1186 407 1244 10⁴‘v0tscorum
421 1197 515 1244 castra
532 1187 567 1242 ad
590 1187 720 1262 quintum
741 1187 865 1263 lapidem
886 1186 1055 1262 posuissent,
1078 1203 1174 1242 nonne

208 1264 266 1322 “id
287 1283 401 1341 agmen,
422 1284 478 1339 quo
497 1265 599 1324 obruta
625 1266 686 1323 hac
710 1267 778 1323 urbs
798 1276 882 1332 esset,
911 1275 1046 1322 matrona
1068 1274 1175 1320 averto·
1205 1301 1212 1318 s

208 1343 227 1379 “
237 1345 325 1414 runtl
366 1343 443 1410 Jam,
458 1343 527 1400 urbe
541 1354 624 1418 capta
639 1363 655 1400 a
668 1344 769 1412 Gallis,
791 1364 846 1420 quo
867 1343 1014 1418 redempta
1027 1341 1095 1398 urbs
1108 1340 1173 1398 estl

208 1424 339 1496 “nempe
360 1441 460 1480 aurum
490 1429 626 1480 matronae
653 1441 797 1480 consensu
826 1423 955 1480 omnium
975 1421 1005 1477 ¹in
1028 1420 1174 1495 publicum

208 1501 428 1558 “contulerunt
470 1500 602 1558 Proximo
617 1501 690 1558 bello
706 1501 756 1574 (ne
775 1502 891 1576 antiqua
914 1500 1054 1576 repetam)
1077 1517 1174 1554 noune

176 1583 228 1632 ιν*
237 1589 276 1645 et,
290 1579 377 1653 quum
392 1578 520 1654 pecunia
532 1597 604 1653 opus
619 1579 680 1645 fuit,
696 1580 844 1637 viduarum
860 1579 989 1654 pecuniae
1005 1577 1175 1652 adjuverunt

208 1658 387 1726 “arretinum
418 1668 457 1731 et,
479 1675 566 1731 quum
589 1657 637 1714 Dii
659 1677 772 1733 quoque
797 1658 861 1716 novi
880 1659 915 1714 ad
928 1675 1012 1731 opem
1027 1654 1174 1712 serendam

207 1735 331 1792 “dubiis
358 1730 443 1792 rebus
466 1747 687 1802 arcesserentur,
715 1747 851 1794 matronae
879 1735 1017 1792 universae
1038 1733 1073 1789 ad
1096 1750 1174 1789 mare

208 1814 370 1888 “prosecta
384 1814 500 1871 suntad
515 1812 638 1872 Matrem
663 1814 770 1872 Idaeam
795 1814 993 1889 accipiendam
1006 1814 1017 1868 l
1059 1810 1175 1866 ‘Dissi-

208 1892 355 1962 “‘miles,'
382 1892 485 1966 inquis,
512 1895 627 1948 ‘causae
651 1894 735 1949 sunt.¹
778 1893 843 1949 Nec
862 1892 930 1948 mihi
946 1909 1047 1947 causas
1062 1906 1174 1962 aequare

173 1979 227 2022 ποί(
235 1970 408 2044 propositum
419 1981 484 2028 est:
505 1970 576 2026 nihil
591 1970 655 2026 nori
670 1969 786 2036 lactum,
801 1989 922 2044 purgare
936 1967 1004 2024 satis
1017 1977 1068 2024 est.
1111 1966 1175 2022 Cae·

207 2049 336 2119 “terdm,
358 2049 433 2121 quod
458 2048 487 2104 in
509 2049 595 2104 rebus
608 2049 643 2104 ad
658 2067 758 2105 omnes
769 2047 876 2122 pariter
891 2047 963 2102 viros
987 2044 1174 2118 foeminasque

207 2126 444 2200 “pertinentibus
458 2125 560 2182 secisse
574 2144 624 2182 eas
636 2145 722 2183 nemo
745 2127 863 2183 miratus
883 2135 936 2194 est,
958 2124 986 2180 in
1009 2124 1101 2181 eausa
1114 2141 1176 2197 pro·

208 2203 298 2276 “prid
314 2203 347 2259 ad
370 2203 446 2278 ipsas
465 2204 626 2279 pertinente
648 2205 784 2262 miramur
808 2203 932 2260 fecisset
971 2200 1053 2262 Quid
1079 2212 1174 2259 autem

185 2279 388 2338 '‘tfeceruntl
408 2282 545 2357 superbas
567 2269 627 2358 (ine
654 2282 726 2339 Dius
749 2283 847 2360 fidius)
873 2300 956 2338 aures
977 2280 1124 2350 habemus,
1139 2279 1173 2347 si,

172 2370 227 2410 aas
235 2377 323 2432 quum
338 2360 446 2417 domini
462 2379 605 2417 servorum
621 2379 677 2417 nou
688 2361 832 2418 fastidiant
846 2377 955 2436 preces,
968 2378 1020 2416 uos
1033 2359 1127 2436 rogari
1138 2358 1174 2415 ab

207 2437 363 2494 “honestis
377 2439 501 2496 hminis
515 2439 706 2514 indignamur.

248 2594 300 2652 VI.
322 2598 341 2630 “
354 2595 449 2652 Venio
462 2615 541 2662 nunc
556 2595 592 2652 ad
609 2595 646 2666 id,
668 2597 704 2652 da
723 2615 779 2672 quo
804 2596 913 2671 agitur:
945 2595 974 2652 in
998 2614 1055 2669 quo
1069 2595 1175 2670 duplex

207 2673 224 2706 ‘²
236 2674 362 2731 consulis
375 2674 465 2731 oratio
480 2673 552 2731 suit:
574 2693 640 2730 nam
655 2685 684 2731 et
697 2674 791 2750 legem
807 2675 892 2732 ullam
912 2673 1030 2730 omnino
1043 2673 1174 2748 abrogari

207 2753 278 2809 “est
292 2753 478 2828 indignatus3
506 2763 535 2809 et
548 2771 612 2809 eam
627 2751 769 2828 praecipue
783 2753 885 2829 legem,
900 2771 963 2826 quae
977 2751 1099 2808 luxurias
1113 2771 1174 2808 rnu-

173 2831 226 2883 aofl
235 2829 332 2887 liebris
345 2831 514 2888 coercendae
529 2833 621 2890 causa
633 2832 690 2888 lata
703 2842 786 2888 esset.
829 2831 866 2888 Et
880 2830 927 2886 illa
948 2830 1109 2886 communis
1124 2847 1174 2905 pro

207 2911 226 2944 “
235 2907 346 2982 legibus
361 2909 420 2965 visa
432 2910 589 2967 consularis
603 2909 692 2967 oratio
705 2921 767 2980 est3
799 2920 828 2967 et
842 2911 904 2966 haec
918 2909 1053 2965 adversus
1066 2907 1174 2964 luxuri-

206 2990 280 3041 “am
296 2987 481 3045 severissimis
505 2988 630 3046 moribus
651 2987 848 3046 conveniebat.
891 2987 990 3062 Itaque
1008 2985 1174 3062 perieulum

206 3067 225 3102 “
234 3075 285 3135 est,
299 3066 365 3132 nisi,
380 3067 447 3140 quid
462 3067 491 3123 in
510 3069 633 3142 utrdque
656 3067 767 3124 ravani
782 3068 827 3139 sit,
841 3067 1032 3132 docuerimus,
1054 3083 1090 3121 ne
1111 3065 1174 3140 quis

205 3147 311 3200 “error
325 3145 405 3202 vobis
414 3145 586 3202 offundatur.
628 3145 692 3220 Ego
705 3146 793 3218 enim,
815 3145 1054 3220 quemadmodum
1079 3163 1115 3200 ex
1130 3143 1174 3200 his

172 3219 356 3296 as“legibus,
370 3242 433 3297 qure
454 3239 511 3281 non
527 3225 555 3280 in
571 3234 685 3299 tempus
699 3224 823 3299 aliquod,
838 3225 889 3280 sed
910 3234 1054 3298 perpetuae
1068 3221 1174 3279 utilita-

205 3299 270 3355 “tis
284 3303 377 3359 causd
400 3302 429 3358 iu
454 3313 591 3359 aeternum
606 3303 670 3359 latae
685 3315 761 3375 sunt,
782 3301 889 3360 nullam
915 3301 1044 3377 abrogari
1068 3301 1173 3356 debere

205 3384 225 3418 “
235 3377 334 3452 fateor,
346 3380 401 3436 nisi
415 3399 500 3454 quam
515 3392 564 3438 aut
576 3400 645 3438 usus
668 3382 806 3457 coarguit,
829 3393 878 3437 aut
902 3391 991 3437 status
1005 3379 1107 3453 aliquis
1121 3377 1174 3435 rei-

206 3457 356 3531 “publicae
371 3459 498 3516 inutilem
515 3459 602 3528 lecit3
634 3459 686 3526 sic,
705 3477 776 3534 quas
798 3471 925 3536 tempora
949 3458 1042 3532 aliqua
1063 3456 1174 3514 deside·

205 3537 338 3594 “rarunt
351 3536 438 3612 leges,
464 3538 596 3595 mortales
618 3537 663 3613 (ut
678 3537 718 3595 ita
731 3538 840 3616 dicam)
863 3549 893 3594 et
916 3535 1091 3611 temporibus
1105 3533 1173 3609 ipsis

172 3615 386 3671 nr‘murabites
400 3633 462 3678 esse
477 3616 567 3672 video.
608 3617 685 3677 Quae
701 3617 729 3674 in
744 3635 815 3693 pace
838 3617 901 3673 latae
916 3627 992 3686 sunt,
1007 3613 1173 3689 plerumque

206 3693 341 3749 “bellum
356 3693 490 3768 abrogat3
512 3713 575 3768 quae
590 3695 618 3752 in
634 3694 716 3765 bello,
731 3715 805 3771 pax:
837 3706 868 3752 ut
891 3695 920 3751 in
945 3693 1025 3750 navis
1039 3689 1174 3748 adminis-

206 3770 356 3829 “tratione
377 3771 432 3828 alia
452 3771 482 3828 in
503 3771 670 3845 secundam,
693 3774 748 3831 alia
763 3775 791 3832 in
807 3775 954 3832 adversam
976 3779 1174 3847 tempestatem
