2620 4220
169 337 231 400 210
565 332 736 385 rmum

171 495 301 545 novena,
310 476 474 554 perUrbem
483 487 594 548 euntes,
603 497 719 534 carmen
728 487 875 534 canerent.
909 473 944 532 Id
952 493 1040 550 quum
1049 473 1081 534 in
1089 473 1141 536 Jo-

172 558 213 614 vis
228 557 348 614 Statoris
361 557 423 612 aede
430 556 585 625 discerent,
598 557 745 612 conditum
756 555 793 610 ab
804 555 886 610 Livio
899 555 995 629 poete,
1006 573 1139 622 carmen,

170 645 248 692 tacta
260 635 297 690 de
310 634 386 690 coelo
400 633 476 689 aedes
490 634 519 689 in
534 634 680 709 Aventino
697 633 821 688 lunonis
841 631 982 707 Reginae:
1014 633 1141 707 prodigi-

170 730 276 786 umque
290 713 319 768 id
334 713 370 767 ad
384 723 528 767 matronas
551 711 702 785 pertinere,
716 711 862 784 aruspices
874 729 962 784 quum
976 711 1141 784 respondis·

169 801 245 860 sent,
262 791 393 863 donoque
415 789 516 844 Divam
541 789 710 863 placandam
730 807 813 855 esse;
847 788 973 843 aedilium
993 789 1140 844 curulium
1162 801 1179 840 s

169 867 267 924 edicto
290 868 318 924 in
341 867 514 942 Capitolium
535 877 708 932 convocatae,
732 866 835 940 quibus
856 866 885 921 iu
907 867 978 922 urbe
992 866 1140 938 Romane,

170 944 302 1018 intraque
315 945 459 1001 decimum
481 944 604 1018 lapidem
628 944 665 998 ab
680 945 760 1008 urbe,
781 943 927 1000 domicilia
947 955 1052 1012 essent,
1068 944 1140 1017 ipsae

170 1022 245 1078 inter
258 1041 289 1078 se
309 1023 434 1096 quinque
454 1033 484 1078 et
504 1023 604 1096 viginti
625 1021 803 1096 delegerunt,
827 1022 864 1076 ad
877 1040 948 1094 quas
967 1039 1004 1076 ex
1024 1021 1141 1077 dotibus

170 1100 273 1173 stipem
287 1100 459 1156 conferrent.
501 1099 574 1156 lnde
594 1099 701 1155 donum
722 1099 811 1172 pelvis
825 1116 912 1154 aurea
925 1099 1009 1166 facta,
1024 1099 1140 1172 lataque

170 1179 200 1233 in
223 1177 410 1248 Aventinum,
431 1175 558 1251 pureque
579 1188 608 1233 et
637 1176 716 1232 caste
738 1195 755 1232 a
775 1177 911 1233 matronis
935 1176 1138 1232 sacrificatum.
1150 1187 1178 1226 1⁰

168 1254 329 1310 Confestim
344 1256 380 1310 ad
401 1255 479 1311 aliud
499 1255 672 1311 sacrificium
686 1255 781 1310 eidem
806 1255 887 1310 Divae
910 1254 948 1309 ab
967 1253 1139 1310 decemviris

168 1333 266 1388 edicta
286 1333 358 1398 dies,
382 1333 466 1407 cujus
486 1334 556 1389 ordo
577 1333 641 1388 talis
656 1332 726 1386 suit:
761 1332 797 1394 ab
811 1332 872 1386 tede
888 1331 1030 1405 Apollinis
1052 1331 1139 1387 boves

170 1410 296 1466 soernime
308 1411 380 1466 albe
394 1411 459 1464 duis
478 1412 559 1483 porti
572 1409 747 1464 Carmentali
766 1410 796 1466 in
818 1409 918 1464 urbem
932 1409 1046 1464 ductae:
1074 1419 1140 1482 post

169 1506 221 1542 eas
234 1489 291 1543 duo
305 1488 388 1562 signa
400 1505 553 1560 cupressea
566 1486 585 1542 J
587 1487 690 1542 unonis
705 1487 828 1560 Reginae
842 1487 1043 1560 portabantur:
1074 1499 1138 1542 tum

169 1575 279 1638 septem
294 1578 323 1619 et
336 1565 436 1638 viginti
460 1564 593 1638 virgines,
615 1564 730 1638 longam
752 1565 859 1620 indute
882 1575 997 1632 vestem,
1019 1576 1176 1620 carmen1⁵

169 1641 199 1697 in
214 1641 358 1697 lunonem
374 1641 520 1716 Reginam
534 1653 672 1697 canentes
689 1641 780 1706 ibant,
802 1642 852 1697 itta
875 1653 1043 1715 tempestate
1058 1641 1139 1698 forsi-

169 1731 218 1774 tan
233 1719 375 1774 laudabile
396 1719 515 1774 rudibus
528 1719 661 1794 ingeniis,
678 1738 757 1776 nuuc
780 1719 936 1776 abhorrens
956 1731 986 1775 et
1006 1720 1139 1776 incondi—

168 1809 241 1866 tum,
255 1797 279 1852 si
293 1796 438 1852 reseratur.
481 1793 639 1871 Virginum'
658 1797 790 1853 ordinem
813 1797 1005 1870 sequebantur
1021 1798 1138 1853 decem·

169 1874 221 1930 riri
241 1874 370 1931 coronati
393 1873 497 1943 laurei,
524 1875 743 1950 praetextatique.
786 1876 813 1930 A
835 1877 914 1948 porta
935 1875 1055 1949 Jugario
1074 1875 1138 1932 vico

169 1951 201 2008 in
215 1951 305 2013 sorum
321 1953 442 2008 venere:
470 1952 501 2008 in
516 1952 576 2008 soro
596 1971 700 2026 pompa
720 1953 865 2019 constitit;
898 1963 936 2021 et,
961 1971 1011 2026 per
1033 1963 1177 2009 manusw

169 2043 245 2086 reste
259 2031 335 2101 dats,
357 2031 482 2104 virgines
502 2049 604 2086 sonum
626 2029 703 2086 vocis
723 2030 806 2103 pulsu
828 2031 933 2104 pedum
955 2031 1139 2087 modulantes

171 2106 371 2164 incesseruntt
392 2108 460 2164 inde
474 2107 538 2163 rico
551 2107 651 2164 Tusco
665 2107 853 2180 Velabroque,
870 2127 919 2182 per
933 2108 1068 2164 Boarium
1083 2109 1139 2165 Fo-

170 2203 245 2255 rum,
267 2187 295 2242 in
320 2187 433 2242 Clivum
462 2185 622 2241 Publicium
651 2197 734 2258 atque
755 2185 847 2241 edem
868 2186 992 2242 lunonis
1011 2186 1138 2260 Reginae

169 2275 347 2336 perrectum:
368 2263 407 2319 ibi
421 2263 485 2318 duae
500 2263 597 2318 hostiae
619 2263 655 2318 ab
678 2263 848 2319 decemviris
872 2263 1033 2337 immolate,
1054 2274 1084 2320 et
1101 2264 1139 2320 si·

171 2339 298 2394 mulacra
311 2358 463 2412 cupressea
476 2340 506 2394 in
520 2341 611 2394 aedem
623 2339 707 2396 illata.
1129 2353 1178 2392 -25

210 2495 390 2552 xxxultl.
411 2496 475 2553 Diis
484 2497 537 2554 rite
551 2497 680 2572 placatis,
695 2499 839 2556 delectum
848 2499 982 2556 consules
992 2499 1138 2556 habebant

170 2574 266 2630 acrius
281 2573 482 2649 intentidsque,
496 2577 580 2650 qudm
603 2578 743 2650 prioribus
766 2579 850 2634 annis
870 2579 1017 2652 quisquam
1037 2577 1138 2634 memi-

170 2663 253 2708 nerat
267 2653 411 2709 habitum:
443 2673 509 2710 narn
523 2665 553 2710 et
567 2653 632 2710 belli
647 2667 735 2712 terror
749 2656 911 2730 duplicatus
924 2657 989 2712 novi
1004 2657 1092 2711 hostis
1106 2656 1137 2712 in

170 2729 283 2787 Italiam
297 2731 440 2799 adventu;
460 2743 490 2788 et
504 2733 598 2788 minus
618 2733 775 2808 juventutis
798 2746 868 2800 erat,
888 2735 964 2790 unde
978 2735 1137 2791 scriberent

170 2809 283 2865 milites.
325 2809 425 2883 ltaque
439 2811 555 2867 colonos
568 2811 654 2866 etiam
669 2812 833 2880 maritimos,
855 2813 903 2886 qui
924 2825 1176 2868 sacrosanctamas

172 2889 350 2944 vacationem
365 2889 534 2944 dicebantur
548 2889 661 2957 babere,
676 2890 744 2945 dare
763 2891 867 2946 milites
888 2891 1045 2965 cogebant:
1076 2891 1138 2963 qui·

170 2965 225 3022 bus
238 2967 448 3033 recusantibus,
463 2967 578 3022 edixere
593 2967 623 3022 in
644 2967 720 3022 diem
741 2980 859 3040 certam,
883 2985 922 3040 ut,
943 2988 999 3042 quo
1018 2968 1137 3042 quisque

168 3043 233 3118 jure
248 3044 424 3100 vacationem
443 3045 570 3115 haberet,
592 3045 629 3100 ad
649 3058 781 3102 senatum
803 3047 933 3104 deferret.
975 3046 1017 3102 Ed
1038 3046 1085 3101 die
1108 3046 1138 3102 hi

170 3122 268 3194 populi
282 3123 318 3177 ad
339 3135 470 3179 senatum
484 3133 641 3179 venerunt:
675 3123 827 3192 Ostiensis,
854 3125 1005 3188 Alsiensis,
1022 3124 1137 3195 Antias,

171 3202 317 3269 Anxurus,
333 3199 549 3270 Minturnensis,
564 3203 765 3270 Sinuessanus,
779 3213 808 3258 et
822 3203 859 3258 ab
873 3204 982 3276 Supero
994 3203 1069 3259 Mari
1085 3203 1176 3258 Sese

146 3301 152 3310 ·
170 3277 278 3334 nensis.
318 3275 419 3337 Quum
434 3281 598 3336 vacationes
618 3293 685 3336 suas
706 3281 825 3354 quisque
849 3282 969 3356 populus
983 3282 1137 3348 recitaret3

170 3356 287 3424 nullius,
301 3373 387 3429 quum
403 3357 431 3412 in
447 3357 531 3413 ltalid
543 3359 629 3414 hostis
642 3369 727 3430 esset,
741 3370 842 3432 praeter
861 3360 1009 3416 Antiatem
1022 3359 1139 3415 Ostien-

170 3451 298 3506 semque,
314 3434 423 3490 vacatio
435 3436 583 3492 observata
596 3448 659 3492 est:
686 3449 716 3492 et
728 3455 826 3494 earum
848 3438 1025 3494 coloniarum
1043 3437 1138 3512 junio·

151 3563 157 3572 .
171 3531 217 3569 res
228 3511 412 3586 jurejurando
426 3513 530 3585 adacti,
544 3534 630 3588 supra
642 3516 705 3571 dies
715 3517 831 3590 triginta
851 3535 909 3572 nou
923 3527 1138 3590 pernoctaturos

172 3609 204 3647 se
218 3609 281 3646 esse
295 3603 375 3646 extra
389 3593 494 3646 ruoenia
507 3593 627 3648 colonie
641 3613 710 3658 suae,
724 3594 817 3650 dorico
837 3595 924 3650 bostis
947 3595 975 3650 in
1000 3594 1082 3650 ltalia
1094 3613 1138 3664 es·
1147 3607 1176 3645 so

171 3680 224 3725 set.
265 3667 365 3728 Quum
379 3687 480 3725 omnes
500 3682 662 3732 censerent,
687 3673 777 3744 primo
795 3689 908 3746 quoque
929 3684 1054 3746 tempore
1069 3691 1138 3728 coo-

172 3747 283 3804 solibus
304 3747 430 3802 eundum
451 3747 487 3802 ad
508 3747 614 3802 bellurn
641 3747 772 3822 (namet
793 3750 966 3807 Hasdrubali
986 3769 1140 3806 occurren·
