2620 4220
483 324 590 377 LIBER
605 325 700 378 xxm.
727 340 789 378 car.
805 341 842 378 ιι.
867 403 872 410 ⁴
1068 332 1130 394 215

206 468 262 530 xl.
284 463 401 544 Postero
414 469 461 526 die
476 478 668 545 transgressus
683 470 826 528 Anienem
842 467 988 526 Hannibal
997 469 1027 528 in
1036 472 1129 532 aciem

166 571 266 610 omnes
280 549 379 624 copias
402 547 520 604 eduxit:
540 566 606 604 nec
630 547 754 606 Flaccus
775 548 976 640 consulesque
983 560 1128 612 certamen

166 630 367 688 detrectavere.
409 625 561 684 Instructis
575 626 715 716 utrimque
724 627 976 694 exercitibusin’
951 646 1012 704 eJus
1025 647 1129 718 pugnae

166 725 273 777 casum,
288 707 318 763 in
332 724 386 779 qua
374 704 468 761 urbs
482 703 578 773 Roma
592 703 689 760 victori
703 705 852 779 praemium
876 716 960 773 esset,
983 707 1094 764 imber
1086 727 1130 764 rn-

143 798 244 861 egens
248 784 388 859 grandine
405 781 511 838 mixtus
526 781 565 838 ita
586 792 733 856 utramque
755 783 848 844 aciem
871 785 1005 852 turbavit,
1026 795 1057 842 ut
1081 786 1129 844 vix

165 863 251 920 armis
264 861 382 918 retentis
396 861 426 917 iu
441 871 534 917 castra
555 878 617 916 sese
636 861 805 936 receperint,
827 861 933 918 nullius
953 863 994 920 rei
1009 863 1128 936 minore,

164 942 249 1015 quim
264 939 396 1009 hostium,
412 948 498 998 metu.
540 937 579 994 Et
592 950 704 1012 postero
715 939 761 996 die
783 939 886 996 eodem
909 940 973 997 loco
995 941 1072 998 acies
1086 942 1130 1000 in·

164 1029 286 1076 structas
306 1017 407 1074 eadem
429 1026 581 1091 tempestas
603 1016 733 1073 diremit:
768 1017 817 1074 ubi
843 1018 1019 1093 recepissent
1042 1039 1072 1076 se
1099 1021 1129 1078 in

164 1114 267 1163 castra,
282 1096 354 1152 mira
368 1095 507 1152 serenitas
521 1113 588 1150 cum
601 1094 803 1169 tranquillitate
812 1095 963 1153 oriebatur.
1006 1097 1040 1156 In
1064 1098 1130 1154 reli·

131 1176 278 1249 regionem
293 1192 328 1230 ea
341 1191 386 1229 res
400 1173 475 1247 apud
490 1171 595 1230 Poenos
609 1191 690 1228 versa
702 1183 764 1232 est:
786 1173 938 1248 auditaque
952 1194 1007 1232 vox
1018 1175 1130 1234 Hanni·

165 1253 237 1309 balis
251 1253 349 1318 fertur,
364 1253 383 1286 “
395 1250 544 1307 Potiundae
559 1249 613 1306 sibi
627 1251 705 1307 urbis
719 1250 822 1308 Rome
836 1251 922 1309 modd
934 1263 1060 1310 mentem
1071 1273 1129 1312 nou

163 1334 182 1366 “
192 1331 263 1397 dari,
278 1328 362 1386 modd
376 1329 549 1387 fortunam.”
591 1325 726 1385 Minudre
741 1329 826 1386 etiarn
841 1348 921 1405 spem
938 1331 1000 1406 ejus
1013 1342 1042 1389 et
1056 1333 1129 1406 aliae,

162 1429 249 1484 parva
261 1426 433 1484 magnaque,
447 1426 511 1466 res:
533 1426 639 1482 magna
652 1407 709 1480 illa,
723 1406 809 1481 qudd,
823 1427 911 1482 quum
925 1409 985 1484 ipse
1010 1411 1046 1466 ad
1060 1429 1130 1468 mce-

163 1487 212 1544 nia
226 1487 304 1544 urbis
318 1488 420 1544 Romae
435 1495 560 1542 armatus
574 1485 695 1556 sederet,
710 1485 814 1543 milites
827 1485 881 1543 sub
898 1487 1008 1544 vexillis
1022 1487 1051 1544 in
1066 1507 1132 1582 sup-

129 1565 337 1640 replementum
353 1565 502 1640 Hispaniae
516 1564 658 1639 profectos
670 1564 795 1621 audivit:
824 1583 910 1640 parva
923 1575 1030 1638 autem,
1052 1565 1127 1640 qudd

162 1663 228 1737 pern
225 1663 275 1700 eos
288 1645 350 1699 dies
364 1657 431 1700 eum
455 1642 526 1700 forte
551 1661 661 1732 agrum,
686 1643 716 1698 in
739 1661 796 1718 quo
812 1643 873 1733 ipse
887 1656 981 1701 castra
1001 1645 1129 1717 baberet,

163 1722 286 1793 venisse,
300 1721 371 1778 nihil
384 1721 422 1778 ob
435 1721 465 1777 id
486 1717 633 1778 deminuto
653 1721 754 1795 pretio,
778 1722 926 1797 cognitum
950 1741 986 1778 ex
1006 1691 1130 1812 quodard

162 1800 274 1888 captivo
288 1810 339 1856 est.
381 1798 416 1854 Id
431 1797 497 1856 verd
512 1796 583 1855 oded
595 1799 749 1873 superbum
763 1809 847 1873 atque
860 1801 1051 1877 indignum
1025 1820 1128 1874 visum,

162 1877 224 1952 eJ'us
238 1877 315 1947 soli,
311 1877 417 1953 quod
410 1895 469 1952 rpse
485 1876 558 1933 bello
572 1887 688 1951 captum
711 1877 869 1950 possideret
883 1879 1095 1952 haberetque,
1088 1898 1131 1935 m·

126 1968 152 2008 so
162 1967 277 2012 ventum
291 1923 395 2012 llomae
409 1965 585 2044 emptorem,
607 1963 647 2022 ut,
662 1954 804 2028 extemplo
818 1966 918 2013 vocato
931 1975 1073 2030 precone,
1089 1966 1130 2014 ta·

161 2035 265 2092 beruas
280 2033 465 2122 argentarias,
479 2051 541 2106 quae
552 2031 635 2089 circa
648 2032 740 2088 forum
755 2031 922 2090 Romanum
939 2044 1008 2090 tuuc
1022 2045 1127 2103 essent,

158 2113 276 2188 jusserit
289 2112 396 2175 venire.
439 2110 494 2166 llis
507 2121 601 2171 motus
615 2111 651 2166 ad
666 2109 785 2167 Tutiam
805 2110 923 2168 fluvium
946 2124 1041 2170 castra
1054 2123 1129 2170 retu-

160 2191 201 2258 lit,
217 2209 269 2247 sex
283 2189 372 2246 millia
386 2207 519 2263 passuum
534 2188 570 2248 ab
593 2189 691 2245 Urbe.
728 2189 796 2246 iude
818 2190 857 2246 ιιι
878 2190 976 2247 lucum
998 2191 1129 2248 Feroniae

159 2269 253 2344 pergit
267 2268 306 2324 ire
309 2266 468 2355 ,templum
483 2266 519 2323 ed
532 2262 699 2341 tempestate
711 2266 850 2355 inclytum
861 2269 976 2325 divitiis.
997 2269 1129 2344 Capena·

125 2358 152 2398 as
160 2359 203 2404 tes
217 2347 302 2442 aliqui
314 2344 454 2402 accolae
429 2364 491 2422 eJus
502 2356 601 2425 erantJ
615 2344 754 2420 primitias
763 2345 915 2422 frugum
885 2366 919 2404 eo
931 2347 1060 2422 donaque
1071 2347 1127 2406 alia

160 2445 211 2500 pro
223 2425 307 2499 copiai
320 2434 476 2498 portantes,
490 2423 580 2480 multo
591 2442 660 2480 auro
672 2433 845 2499 argentoque
857 2424 886 2481 id
896 2438 1062 2483 exornatum
1078 2427 1129 2484 ba·

160 2504 274 2560 bebaut.
316 2502 372 2558 His
385 2501 518 2559 omnibus
532 2501 615 2558 donis
629 2511 689 2558 tum
710 2501 860 2576 spoliatum
874 2503 1031 2592 templum:
1063 2504 1128 2562 aeris

131 2569 265 2647 acervi,
277 2599 365 2654 quum
378 2579 483 2636 rudera
496 2578 601 2636 milites
614 2579 753 2668 religione
777 2580 889 2637 inducti
910 2581 1050 2656 jacerent,
1064 2594 1129 2657 post

159 2658 364 2734 prosectionem
375 2657 546 2714 Hannibalis
548 2657 784 2733 ,magniinventi
801 2657 897 2733 HuJus
904 2659 1048 2734 populatro
1056 2670 1127 2716 tem

126 2736 399 2812 atplrhauddubra
393 2747 466 2792 mter
475 2736 628 2810 scriptores
636 2741 688 2792 est.
730 2735 850 2802 Coelius,
865 2735 991 2792 Romam
1009 2747 1127 2794 euntem

160 2816 196 2872 ab
210 2815 297 2872 Ereto
310 2815 457 2872 divertisse
471 2812 506 2871 ed
520 2812 727 2885 Hannibalem,
729 2819 730 2822 ’
742 2814 846 2870 tradit:
878 2813 1065 2889 iterque-ejus
1079 2815 1128 2872 ab·

160 2893 265 2960 Reate,
280 2889 460 2967 Cutiliisque,
475 2902 504 2949 et
525 2893 562 2948 ab
586 2891 738 2949 Amiterno
754 2893 883 2950 orditur:
917 2911 953 2949 ex
966 2893 1128 2967 Campania

159 2971 190 3028 in
205 2971 364 3042 Samnium,
379 2971 468 3027 inde'
460 2990 491 3026 ιιι
512 2970 647 3046 Pelignos
665 2969 847 3045 pervenisse;
878 2981 1035 3048 preterque
1049 2970 1128 3046 oppi-

159 3050 228 3106 dum
257 3017 459 3106 Sulmobem
451 3068 481 3106 ιιι
511 3047 693 3106 Marrucinos
724 3049 879 3120 transisse;
914 3049 982 3108 inde
1004 3047 1127 3108 Albensi

124 3137 151 3178 ³5
160 3147 228 3202 agro
242 3127 271 3183 iu
287 3128 408 3194 Marsos,
423 3127 492 3184 hinc
506 3127 689 3184 Amiternum
692 3127 924 3202 ,Forulosque
898 3147 994 3185 arcum
1003 3128 1126 3186 venisse.

159 3206 262 3280 Neque
276 3207 316 3262 ibi
330 3225 407 3262 error
421 3215 464 3262 est
466 3203 561 3279 ‚qubd
576 3205 647 3261 tanti
671 3205 813 3262 exercitus
837 3206 956 3282 vestigia
979 3207 1126 3264 intratam

160 3284 253 3342 brevis
267 3285 318 3342 ravi
332 3284 499 3340 memoriam
511 3283 657 3362 potuerint
668 3283 824 3341 confundi·
845 3285 901 3342 isse
915 3286 994 3342 enim
1008 3304 1044 3342 ea
1058 3303 1126 3342 con·

160 3372 223 3419 stat.
264 3362 391 3422 Tantum
406 3361 436 3418 id
458 3361 585 3429 interest,
600 3361 748 3419 veneritne
768 3380 803 3421 eo
823 3362 925 3422 itinere
949 3364 986 3422 ad
1006 3363 1124 3435 Urbem,

160 3458 198 3497 an
212 3441 248 3498 ab
261 3440 360 3500 Urbe
342 3459 382 3498 m
398 3439 593 3544 Campaniam
602 3439 727 3498 redierit
