2632 4224
544 301 649 354 arcun
665 303 686 354 1.
719 317 780 354 cur.
798 318 863 354 un.
1083 265 1087 276 ⁵
1143 303 1184 364 m

216 447 317 506 abnuit
330 463 509 522 cognomen,
538 458 578 518 ut,
593 447 646 504 sub
665 447 727 524 ejus
747 445 864 506 obtentu
878 445 1067 524 cognominis,
1081 445 1184 504 libera·

215 537 259 584 tor
280 526 327 583 ille
348 525 445 601 populi
467 525 594 582 Romani
615 527 728 582 animus
748 527 839 583 latens
860 526 1035 600 opperiretur
1055 535 1184 599 tempora

216 623 276 662 sua.
333 603 362 660 Is
387 617 447 660 tum
479 605 516 660 ab
542 604 709 679 Tarquiniis
735 605 839 662 ductus
865 604 1000 678 Delphos,
1028 603 1183 660 ludibrium

216 684 326 754 verius,
352 684 437 757 quim
464 701 571 750 comes,
600 701 719 740 aureum
740 683 885 750 baculum,
913 683 1055 739 inclusum
1076 700 1184 740 corneo

195 773 318 818 scavato
344 762 380 816 ad
403 761 437 817 'id
464 761 577 832 baculo,
600 762 697 818 tulisse
719 763 826 818 donum
848 761 974 836 Apollini
996 760 1110 830 dicitur,
1133 777 1183 834 per

218 841 352 916 ambages
365 839 490 915 effigiem
504 840 613 916 ingenii
636 841 689 897 sui.
729 839 800 901 Quo
822 852 970 916 postquam
992 849 1106 896 ventum
1128 849 1182 905 est,

216 918 350 994 perlectis
363 920 451 992 patris
474 919 626 990 mandatis,
650 919 755 994 cupido
777 919 894 976 incessit
917 919 1027 974 animos
1045 917 1184 992 juvenum

217 997 393 1063 sciscitandi,
416 998 451 1053 ad
473 1007 557 1070 quem
571 1016 669 1054 eorum
683 1015 804 1072 regnum
826 998 994 1054 Romanum
1020 1005 1096 1052 esset
1117 1014 1203 1052 renn

215 1084 319 1132 turum.
361 1074 406 1132 Ex
434 1075 536 1134 infimo,
558 1093 646 1150 specu
670 1094 769 1132 vocem
790 1074 1057 1132 redditamferunt:
1098 1073 1184 1130 “Im·
1216 1103 1237 1134 *t

185 1156 235 1207 to“
247 1154 356 1228 perium
383 1173 526 1210 summum
549 1154 651 1210 nome
680 1153 806 1225 habebit,
834 1155 882 1228 qui
910 1151 1038 1210 vostrdm
1064 1152 1183 1227 primus,

217 1235 237 1268 “
248 1236 266 1288 o
276 1235 404 1308 juvenes,
418 1233 547 1288 osculum
573 1232 655 1288 matri
671 1231 793 1288 tulerit.”
836 1231 997 1306 Tarquinii,
1012 1241 1043 1289 ut
1065 1233 1181 1296 Sextus,

216 1311 264 1385 qui
287 1311 390 1368 Romae
413 1310 530 1366 relictus
552 1310 653 1382 suerat,
668 1310 785 1385 ignarus
806 1309 933 1384 responsi
953 1325 1109 1383 expersque
1131 1308 1183 1364 im·

215 1389 286 1464 perii
313 1399 396 1457 esset,
419 1407 479 1445 rem
506 1391 618 1444 summi
638 1407 691 1462 ope
713 1388 800 1444 taceri
819 1387 937 1463 jubent;
972 1387 1025 1462 ipsi
1046 1388 1119 1443 iuter
1140 1405 1182 1454 se,

216 1477 278 1523 uter
303 1467 387 1542 prior,
408 1485 495 1541 quum
517 1467 642 1523 Romam
663 1467 814 1533 redissent,
837 1465 920 1524 matri
940 1465 1070 1522 osculum
1092 1465 1182 1536 daret,

183 1545 282 1602 t⁵s0rti
297 1545 473 1622 permittunt.
515 1544 630 1616 Brutus,
653 1543 708 1601 alid
730 1557 807 1602 ratus
826 1555 957 1620 'spectare
973 1543 1122 1617 Pythicam
1139 1563 1184 1600 ro·

216 1643 290 1695 cem,
311 1624 388 1680 velut
411 1624 434 1680 si
456 1623 603 1698 prolapsus
616 1623 778 1694 cecidisset,
801 1634 905 1680 terram
926 1623 1026 1680 osculo
1044 1622 1183 1698 contigit:

216 1702 336 1774 scilicet,
358 1700 432 1776 qudd
446 1720 481 1758 ea
495 1701 656 1776 communis
678 1711 767 1758 mater
780 1702 909 1758 omnium
924 1700 1083 1758 mortalium
1098 1710 1181 1758 esset.

215 1779 354 1838 Reditum
369 1781 443 1837 inde·
451 1780 586 1847 Romam,
602 1780 651 1836 ubi
665 1780 800 1836 adversus
811 1779 936 1837 Rutulos
949 1779 1054 1836 bellum
1070 1779 1183 1836 summd

214 1858 242 1914 ri
255 1859 417 1933 parabatur.

179 2020 220 2113 ἵ)
254 2015 350 2072 LVII.
373 2016 499 2072 Ardeam
515 2015 616 2072 Rutuli
637 2016 791 2083 habebant,
813 2035 885 2092 gens
910 2016 952 2092 (ut
973 2014 1002 2072 in
1017 2013 1051 2070 ed
1066 2014 1182 2089 regione

84 2125 87 2131 ·
142 2114 182 2193 s
215 2104 300 2167 atque
323 2094 402 2150 ineit
425 2096 521 2172 aetate)
546 2095 651 2151 divitiis
676 2095 862 2170 praepollens:
897 2113 987 2168 eaque
1009 2093 1070 2168 ipsa
1096 2112 1184 2150 causa

214 2171 281 2227 belli
302 2172 365 2236 fuit,
387 2171 463 2244 qudd
486 2191 535 2228 rex
562 2173 714 2230 Romanus
735 2180 795 2229 tum
822 2173 883 2246 ipse
910 2171 1003 2242 ditari,
1028 2171 1183 2228 exhaustus

214 2249 430 2324 magnificentid
444 2251 620 2324 publicorum
634 2271 761 2326 opernm,
777 2262 836 2307 tum
852 2249 1081 2325 praedddelenire
1096 2269 1183 2324 popu-

214 2328 315 2384 larium
344 2329 453 2384 animos
480 2330 629 2396 studebatr
664 2343 765 2404 praeter
793 2329 876 2386 eliam
904 2329 1065 2402 superbiam
1094 2347 1182 2403 regno

178 2407 333 2464 ⁹⁵iusestos
356 2407 452 2472 etiam,
477 2406 551 2480 quod
575 2427 605 2463 se
621 2409 649 2463 in
673 2409 814 2464 labrorum
838 2407 1002 2464 ministeriis
1029 2426 1062 2463 ac
1088 2406 1182 2464 servili

215 2485 323 2541 tamdiu
339 2485 449 2541 habitos
460 2505 545 2558 opere
568 2486 604 2540 ab
628 2503 694 2560 rege
718 2487 948 2560 indignabantur.
990 2485 1116 2542 Tentata
1138 2503 1183 2541 res

217 2575 269 2628 est,
285 2564 308 2618 si
324 2563 414 2636 primo
434 2563 546 2636 impetn·
562 2565 626 2637 capi
650 2566 746 2620 Ardea
761 2575 871 2640 posset:
902 2563 949 2620 ubi
964 2564 991 2618 id
1006 2581 1105 2636 parum
1120 2581 1184 2636 pm·

216 2642 312 2708 cessit,
337 2642 486 2697 obsidione
511 2643 772 2718 munitionibusque
787 2643 873 2716 coepti
888 2641 977 2715 premi
1000 2642 1104 2696 hostes.
1147 2641 1181 2696 ln

213 2719 248 2775 iis
262 2719 376 2788 stativis,
400 2733 429 2776 ut
444 2720 475 2776 lit
496 2721 581 2794 longo
603 2721 693 2796 magis
714 2721 798 2794 quim
823 2719 881 2775 a'cri
905 2718 1078 2789 bellopsatis
1099 2711 1181 2783 lihbri

178 2801 204 2841 ⁸⁰
213 2809 389 2854 commeatus
403 2809 501 2854 erant:
533 2799 703 2872 primoribus
720 2811 816 2856 tamen
830 2798 922 2872 magis
935 2797 1020 2870 qudm
1031 2796 1185 2886 ,militibuq,

121 2873 301 2952 fRegii
316 2877 430 2950 quidem
442 2877 563 2951 juvenes
585 2877 727 2934 interdurn
753 2877 847 2933 otium
864 2875 1012 2932 conviviis·
1025 2872 1182 2934 comissati-

213 2957 371 3028 0nibusque
387 2956 460 3011 inter
475 2974 505 3010 se
519 2955 669 3012 terebant:
701 2956 771 3012 sorte
787 2955 948 3028 potantibus
963 2954 1007 3010 his
1020 2954 1094 3028 apud
1111 2953 1181 3012 Sex.-

211 3043 272 3089 tum
297 3033 496 3106 Tarquinium,
525 3033 572 3090 ubi
599 3044 628 3091 et
654 3033 814 3092 Collatinus
840 3033 972 3090 ccenabat
993 3031 1180 3105 Tarquinius,

213 3110 310 3186 Egerii
333 3112 418 3182 lilius,
443 3112 546 3169 incidit
573 3113 609 3168 de
638 3111 920 3170 uxoribusm‘cntiu:
955 3129 1034 3167 snam
1062 3111 1181 3185 quisquc

177 3188 328 3247 &laudare
350 3191 429 3266 miris
450 3192 561 3260 modis3
597 3191 673 3248 inde¹
687 3190 844 3248 certamine
868 3207 1002 3261 accensu,
1021 3188 1181 3248 Collatinus

201 3280 308 3342 negat,
335 3270 456 3326 “verbis
481 3289 553 3344 opus
576 3289 659 3326 esse:
692 3269 791 3344 paucis
814 3269 843 3324 id
865 3269 979 3343 quidem
1002 3269 1078 3326 horis
1099 3287 1180 3344 posse

214 3349 234 3380 “
246 3347 322 3417 sciri,
350 3347 485 3422 qnannim
509 3349 621 3404 caeteris
642 3358 756 3423 proestet
780 3347 916 3404 Lucretia
937 3357 1005 3406 sun'
1038 3347 1131 3415 Quin,
1157 3348 1181 3404 si

211 3426 322 3502 “nigor
341 3427 466 3502 juvente
494 3426 577 3490 inest,
600 3427 823 3484 conscendimus
850 3445 949 3500 equos,
978 3425 1181 3500 invisimusque

211 3507 230 3539 ‘⁴
242 3516 397 3580 praesentes
411 3515 571 3562 nostrarum
587 3504 726 3580 ingenial
768 3505 802 3562 ld
824 3506 927 3580 cuique
942 3505 1181 3578 spectatissimum

175 3586 201 3626 ⁴⁰
210 3586 229 3618 “
243 3584 288 3650 s'it,
304 3585 391 3659 quod,
405 3583 577 3658 necopinato
589 3584 640 3641 viri
655 3585 789 3650 adventu,
801 3583 958 3640 occurrerit
971 3583 1091 3642 oculis.''
1134 3583 1182 3641 ln·

210 3661 359 3720 caluerunt
373 3663 449 3720 vino.
490 3665 509 3698 ⁴‘
523 3664 588 3737 Age
602 3663 703 3734 santess’
728 3681 845 3720 omnes:
858 3661 961 3718 citatis
975 3661 1055 3734 equis
1069 3659 1181 3716 avolant

210 3740 346 3800 Romam.
401 3739 470 3802 Qud
491 3759 589 3816 quum,
611 3741 710 3818 primis
743 3759 775 3797 se
801 3739 1018 3798 intendentibus
1044 3737 1189 3802 tenebris,

524 3819 563 3877 δί
