2620 4220
451 314 557 368 LIBER
572 316 681 368 XXVII.
714 331 773 370 cir.
787 328 882 369 snvrtr.
1104 313 1164 376 227

216 460 361 524 ΙΧΙᾸΙΙΙ.
395 460 461 518 Iam
486 461 581 521 hostes
595 470 661 518 aute
680 470 774 518 castra
794 457 924 518 instructi
939 457 1060 518 stabant.
1102 459 1165 520 Mo·

194 559 254 601 ram
269 559 374 618 pugnae
396 539 498 611 attulit,
522 538 599 614 qudd
625 535 799 606 Hasdrubal,
824 548 973 612 provectus
995 549 1061 596 ante
1082 539 1166 616 signa

194 640 260 679 cum
282 619 384 696 paucis
404 617 558 692 equitibus,
580 628 663 674 scuta
684 627 779 674 vetera
810 617 932 674 hostium
964 617 1080 687 notavit,
1101 637 1165 692 quae

195 695 262 756 ante
278 718 335 759 non
350 697 469 764 viderat,
491 706 521 753 et
544 695 721 771 strigosiores
742 713 849 769 equos:
884 691 1035 752 multitudo
1054 714 1166 770 quoque

171 777 283 854 amajor
296 773 379 834 soliti
393 776 452 832 visa
465 785 517 832 est.
560 773 728 848 Suspicatus
741 773 819 830 enim
833 772 871 844 id,
886 771 962 847 quod
981 784 1052 846 erat,
1066 793 1167 848 recep·

194 857 236 913 tui
254 858 374 931 propere
400 851 517 925 cecinit,
541 865 576 909 ac
589 851 666 908 misit
680 852 716 908 ad
738 851 854 926 flumen,
877 851 954 908 unde
975 853 1165 926 aquabantur:

191 928 244 1008 'ubi
272 944 301 990 et
324 933 419 1008 excipi
443 931 530 1006 aliqui
551 941 677 1007 possent,
697 941 727 988 et
747 929 839 987 notari
859 928 959 1001 oculis,
981 931 1073 1006 siqui
1095 931 1166 988 forte

196 1011 348 1070 adustioris
369 1008 481 1077 coloris,
497 1020 527 1066 ut
541 1029 578 1066 ex
591 1009 701 1066 receuti
718 1009 774 1076 viri,
789 1018 905 1078 essent;
936 1008 1020 1065 simul
1043 1009 1167 1066 circum·

196 1091 262 1148 vehi
276 1090 374 1165 procul
399 1099 493 1147 castra
510 1087 592 1164 jubet
613 1087 818 1162 specularique,
841 1105 912 1144 num
933 1098 1050 1144 auctum
1072 1088 1167 1162 aliqud

162 1193 186 1232 10
195 1183 277 1246 parte
289 1169 326 1228 sit
339 1168 461 1238 vallum:
492 1178 521 1224 et
536 1177 566 1222 ut
580 1165 738 1236 attendant,
754 1165 842 1222 semel
857 1165 938 1224 bisne
952 1165 1067 1242 signum
1082 1177 1168 1224 canat

195 1247 225 1306 in
240 1247 349 1311 castris.
381 1245 426 1303 Ea
438 1264 526 1320 quum
541 1243 642 1302 ordine
655 1243 752 1300 omnia
766 1244 854 1302 relata
868 1254 973 1311 esseut,
988 1255 1082 1302 castra
1096 1243 1167 1302 nihil

196 1337 281 1384 aucta
296 1344 420 1384 errorem
435 1321 588 1380 faciebant.
631 1319 705 1387 Bina
718 1333 809 1393 erant,
833 1323 909 1380 elcut
932 1333 999 1380 ante
1013 1323 1168 1382 adventum

179 1404 322 1462 ¹‹sonsulis
345 1402 463 1461 alterius
484 1401 615 1469 fuerant;
649 1419 707 1457 una
728 1401 768 1458 M.
792 1399 877 1474 Livii,
891 1399 980 1458 altera
1000 1399 1034 1458 L.
1049 1401 1167 1459 Porcii:

194 1483 304 1540 neutris
316 1481 480 1556 quidquam,
495 1499 551 1554 quo
564 1477 650 1558 latitia
664 1479 840 1547 tenderetur,
863 1479 899 1536 ad
918 1479 1099 1537 munimenta
1119 1481 1169 1537 ad·

163 1561 313 1637 rejectum.
356 1559 431 1616 Illud
448 1569 571 1619 veterem
592 1557 698 1614 ducem
719 1568 921 1632 assuetumque
939 1557 1074 1616 Romano
1094 1558 1169 1616 hosti

195 1639 295 1706 movit,
306 1637 381 1713 qudd
395 1635 484 1694 semel
498 1635 528 1692 in
542 1635 680 1712 praetoriis
693 1635 795 1694 castris
815 1636 940 1712 signum,
965 1637 1008 1694 bis
1022 1637 1052 1694 in
1067 1656 1170 1694 consu·

196 1717 305 1774 laribus
327 1715 490 1774 referebant
510 1714 673 1772 cecinisse:
707 1715 778 1772 duos
792 1713 919 1790 profectd
940 1715 1073 1774 consules
1086 1735 1168 1785 esse;

195 1807 233 1866 et,
248 1814 370 1870 quonam
386 1794 471 1851 modo
492 1793 561 1850 alter
582 1793 618 1848 ab
639 1791 804 1850 Hannibale
826 1793 1020 1861 abscessisset,
1036 1813 1106 1851 cura
1120 1814 1169 1856 an·

195 1874 290 1950 gebat.
332 1872 456 1930 Minime
471 1871 510 1939 id,
531 1871 607 1946 quod
628 1868 698 1938 etat,
720 1871 858 1946 suspicari
878 1883 997 1946 poterat,
1019 1883 1106 1928 tantas
1127 1873 1170 1930 rei

161 1951 377 2028 nofrustratione
393 1949 587 2008 Hannibalem
602 1949 724 2022 elusum,
747 1960 787 2020 ut,
809 1949 858 2006 ubi
872 1950 941 2016 dux,
956 1949 1006 2007 ubi
1026 1951 1170 2008 exercitus
1237 1988 1240 1996 ·

196 2041 280 2104 esset,
295 2050 362 2092 cum
383 2049 440 2104 quo
461 2040 555 2086 castra
569 2027 672 2085 collata
693 2027 821 2095 haberet,
841 2028 992 2104 ignoraret.
1034 2027 1168 2086 Profecto

197 2109 273 2166 haud
289 2109 427 2168 mediocri
441 2107 524 2165 clade
539 2107 719 2164 absterritum
734 2105 845 2182 insequi
860 2125 918 2164 nou
940 2126 1060 2164 ausum:
1091 2127 1170 2184 mag·

196 2206 303 2262 nopere
315 2187 416 2266 pereni,
431 2205 468 2244 ne
483 2185 601 2262 perditis
614 2185 699 2242 rebus
722 2203 817 2242 serum
839 2185 900 2262 ipse
925 2185 1063 2242 auxilium
1079 2187 1171 2246 venis-

197 2277 258 2334 set;
279 2265 477 2340 Romanisque
491 2265 593 2321 eadem
604 2263 664 2339 jam
679 2263 791 2322 fortuna
805 2263 835 2322 in
860 2263 943 2322 Italia
966 2283 1029 2339 quae
1050 2265 1080 2324 iu
1103 2265 1171 2322 His·

162 2343 294 2420 nspanid‚
308 2355 393 2402 esset
436 2343 596 2410 Interdum,
610 2342 707 2400 literas
731 2362 797 2400 suas
810 2343 847 2400 ad
861 2360 927 2400 eum
947 2361 1005 2400 non
1026 2343 1171 2419 pervenis·

198 2442 240 2496 se,
254 2423 391 2480 credere:
412 2421 636 2496 interceptisque
657 2421 702 2489 iis,
717 2421 865 2480 consulem
880 2421 916 2480 ad
930 2441 993 2480 sese
1009 2423 1171 2498 opprimen-

197 2501 268 2557 dum
283 2501 469 2558 accelerasse.
511 2499 568 2556 His
589 2500 692 2558 auxius
712 2501 799 2574 euris,
820 2501 969 2558 exstinctis
990 2501 1115 2577 ignibus,
1132 2502 1171 2560 ri·

198 2579 270 2654 gilii
283 2579 376 2654 primi
389 2580 456 2638 dato
469 2578 562 2655 signo,
578 2589 609 2636 ut
621 2579 702 2636 taciti
716 2598 783 2636 vasa
799 2579 977 2654 colligerent,
998 2579 1082 2655 signa
1103 2581 1170 2638 ferri

195 2655 288 2732 jussit.
338 2657 373 2714 In
394 2657 583 2733 trepidatione
604 2671 633 2714 et
653 2668 794 2714 nocturno
815 2656 939 2714 tumultu
959 2657 1049 2714 duces
1070 2678 1170 2732 parum

163 2757 189 2799 sn
199 2735 308 2792 intentd
323 2736 470 2804 asservatI,
485 2735 555 2798 alter
570 2735 600 2792 in
614 2735 763 2794 destinatis
774 2736 833 2811 jam
849 2733 916 2792 ante
938 2735 1034 2792 animo
1054 2735 1171 2794 latebris

198 2814 337 2887 subsedit,
357 2815 438 2882 ‚alter
465 2833 516 2890 per
543 2814 615 2870 vada
636 2827 704 2872 nota
724 2813 889 2871 Metaurum
910 2811 1017 2870 flumen
1039 2815 1170 2872 tranavit.

194 2891 244 2950 Ita
265 2893 410 2950 des'ertum
431 2889 592 2950 a'ducibus
612 2911 715 2968 agmen
745 2891 836 2967 prinrd
864 2911 914 2968 per
936 2909 1018 2967 agros
1038 2893 1170 2967 palatur;

200 2967 322 3046 fessique
345 2971 451 3046 aliquot
471 2990 572 3029 somno
593 2990 628 3027 ac
649 2971 752 3046 vigiliis
773 2982 906 3030 sternunt
923 2989 1042 3046 corpora
1056 2971 1170 3046 passim,

198 3059 283 3122 atque
307 3048 497 3124 infrequentia
519 3049 684 3123 relinquunt
702 3050 793 3126 signa.
836 3049 1010 3117 Hasdrubal,
1032 3049 1101 3106 dum
1121 3049 1170 3108 lux

163 3151 189 3193 ω
199 3127 273 3184 viam
287 3129 460 3200 ostenderet,
475 3128 534 3203 ripai
549 3127 676 3185 fluminis
688 3129 773 3204 signa
788 3127 854 3184 ferri
875 3127 957 3203 jubet
969 3147 977 3197 3
1009 3139 1038 3186 et
1051 3148 1101 3204 per
1115 3139 1171 3187 tor·

134 3279 138 3284 ,
198 3206 273 3264 tuosi
287 3206 380 3264 amnis
393 3207 473 3264 sinus
494 3205 784 3281 flexusqaeerrorem
805 3206 929 3277 volvens,
951 3206 1027 3266 haud
1049 3207 1170 3266 multtim

198 3285 346 3360 processit,
369 3285 418 3342 ubi
433 3285 524 3360 prima
544 3285 593 3342 lux
606 3285 758 3343 transitum
780 3297 970 3360 opportunum
987 3287 1168 3354 ostendisset,

198 3363 378 3421 transiturus.
413 3364 479 3422 vSed
493 3383 591 3439 quum,
605 3363 742 3438 quauttim
758 3362 868 3444 [mare]
880 3365 1063 3432 abscedebat,
1088 3363 1169 3422 tantb

201 3441 350 3499 altioribus
370 3443 570 3500 coercentibus
591 3461 706 3500 amnem
736 3443 815 3519 ripis,
844 3462 903 3500 non
924 3443 1066 3504 inveniret
1087 3445 1169 3512 vada,

163 3545 189 3584 ω
199 3521 275 3578 diem
290 3522 410 3578 terendo
424 3522 546 3596 spatium
561 3521 640 3578 dedit
654 3522 690 3578 ad
705 3522 914 3597 insequendum
928 3541 992 3580 sese
1006 3523 1089 3581 hosti.

239 3677 382 3735 XLVIII.
404 3678 484 3738 Nero
498 3679 623 3754 primum
638 3699 705 3738 cum
719 3681 798 3740 omni
812 3679 939 3755 equitatu
954 3679 1078 3736 advenit.
1102 3679 1171 3736 Por-

198 3756 262 3814 cius
276 3757 381 3814 deinde
405 3770 554 3817 assecutus
577 3778 644 3816 cum
666 3759 720 3818 levi
743 3760 895 3818 armatura.
936 3757 999 3824 Qui
1013 3776 1101 3832 quum
1116 3757 1171 3816 fes·
