2630 4228
139 383 195 442 152
373 405 376 416 -
550 377 722 428 rrrrcrvu

137 519 238 581 Quum
252 537 269 576 s
282 518 354 576 saltu
368 515 534 590 evasissent,
547 519 611 586 etsi,
625 519 702 576 velut
716 519 752 576 ab
776 511 875 576 inieris
894 518 1026 590 extracti,
1039 529 1101 576 tum

137 595 258 672 primdm
273 597 368 652 lucem
382 595 529 670 adspicere
545 597 595 654 risi
610 607 685 663 sunt,
710 607 805 654 tamen
820 597 880 670 ipsa
894 595 943 652 lux
957 597 997 652 ita
1010 596 1101 654 delor-

138 692 184 730 me
212 673 389 730 intuentibus
415 693 518 748 agmen
545 674 624 731 omnr¹
645 686 735 730 morte
758 673 862 731 tristior
886 673 948 730 suit.
990 674 1100 748 ltaque,

137 769 225 825 quum
249 763 315 808 ante
338 762 452 808 noctem
476 752 605 826 Capuam
627 752 774 825 pervenire
798 763 921 826 possent,
941 752 1043 808 incerti
1064 751 1101 806 de

137 829 194 884 lide
207 829 358 899 sociorum,
372 840 401 885 et
414 826 487 902 qudd
502 829 592 903 pudor
612 829 812 904 praepediebat,
836 829 915 885 circa
935 829 1009 884 viam
1025 829 1101 884 haud

136 907 235 980 procul
250 907 359 981 capua,
372 907 499 962 omnium
523 907 618 980 egeni,
642 925 765 980 corpora
784 906 864 962 humi
876 915 1101 980 prostraverunt.

137 983 226 1044 Quod
242 984 290 1040 ubi
303 996 347 1040 est
360 984 488 1057 Capuam
503 985 674 1050 nuntiatum,
698 983 784 1040 evicit
807 984 950 1040 miseratio
968 984 1045 1058 justa
1058 1001 1103 1039 so·

139 1061 248 1117 ciorum
263 1061 421 1136 superbiam
436 1060 593 1135 ingenitam
608 1059 781 1134 Campanis:
812 1061 963 1118 confestim
978 1061 1103 1135 insignis

139 1157 191 1194 sua
211 1139 386 1203 consulibus,
412 1138 513 1205 fasces,
538 1138 660 1207 lictores,
688 1157 776 1209 arma,
803 1157 901 1212 equos,
922 1139 1101 1204 vestimenta,

139 1227 316 1272 commeatus
330 1215 466 1272 militibus
480 1215 603 1290 benigne
618 1216 750 1283 mittunt;
771 1227 800 1272 et
814 1217 994 1274 venientibus
1008 1215 1137 1289 Capu-1⁰

139 1311 185 1348 am
199 1304 322 1349 cunctus
342 1305 458 1350 serratus
470 1293 654 1368 populusque,
678 1293 789 1349 obviam
803 1295 921 1368 egressi,
939 1294 1023 1368 justis
1042 1311 1103 1350 om·

139 1369 225 1426 nibus
239 1371 432 1444 hospitalibus,
447 1371 615 1444 privatisque
629 1381 659 1426 et
672 1371 795 1444 publicis
808 1371 966 1445 iunguntur
979 1370 1102 1437 officiis3

139 1466 232 1521 neque
247 1448 302 1504 illis
314 1448 455 1505 sociomm
476 1448 605 1514 comitas,
619 1448 768 1522 vultusque
783 1449 911 1524 benigni,
932 1460 961 1505 et
982 1447 1104 1521 alloquia

139 1544 197 1582 non
212 1524 297 1581 modd
312 1541 472 1582 sermonem
486 1525 600 1592 elicere,
615 1525 664 1581 sed
679 1543 726 1592 ne,
741 1535 773 1582 ut
785 1526 884 1583 oculos
895 1527 1011 1600 quidem
1025 1525 1104 1582 attol-

139 1602 241 1667 lerent,
263 1613 311 1658 aut
332 1602 512 1659 consolantes
532 1602 639 1659 amicos
659 1613 759 1660 contra
779 1603 967 1675 intuerentur,
988 1603 1103 1660 efficere
1115 1611 1138 1650 1⁵
1238 1631 1243 1638 ·

139 1689 286 1754 poterant:
308 1679 391 1746 adeb,
405 1699 489 1754 super
503 1697 662 1746 maerorem,
679 1681 770 1754 pudor
789 1681 905 1754 quidam
927 1681 1025 1756 sugere
1046 1681 1105 1737 col·

139 1755 234 1830 loquia
247 1767 276 1813 et
289 1771 381 1814 coatus
395 1756 543 1813 hominum
556 1758 686 1833 cogebat.
727 1758 843 1815 Postero
863 1759 912 1818 die
925 1777 1013 1832 quum
1025 1759 1104 1832 jure·

139 1851 192 1890 nes
205 1835 324 1907 nobiles,
338 1835 416 1892 missi
430 1853 447 1891 a
460 1835 571 1910 Capua,
598 1847 627 1891 ut
639 1835 852 1910 proficiscentes
866 1837 901 1891 ad
917 1836 1003 1895 linem
1018 1836 1104 1892 Cam·

139 1929 246 1986 panum
270 1923 514 1988 prosequerentur,
539 1913 735 1981 revertissent3
770 1914 917 1987 vocatique
942 1913 1103 1970 incuriam

140 1991 374 2065 percontantibus
388 1991 542 2066 majoribus
555 2002 634 2062 natu,
650 2001 668 2026 ‘⁴
678 1988 766 2046 multb
778 1990 832 2046 sibi
844 1991 1001 2048 maestiores
1015 2003 1044 2047 et
1057 1991 1139 2047 aas

141 2076 162 2104 “
168 2068 295 2142 jectioris
303 2069 391 2124 animi
403 2068 504 2134 visos,’'
516 2067 669 2136 referrent3
685 2077 703 2102 “
713 2066 785 2123 adeo
794 2067 892 2140 silens,
903 2087 937 2124 ac
948 2069 1034 2144 prope
1044 2087 1104 2124 mu·

142 2153 230 2202 “tum
245 2165 348 2221 agmen
362 2147 533 2202 incessisse:
568 2157 663 2202 tacere
682 2145 808 2202 indolem
833 2145 908 2202 illam
931 2146 1103 2216 Romanam,

141 2230 160 2258 “
170 2223 332 2297 ablatosque
346 2243 413 2280 cum
428 2223 513 2279 annis
527 2223 655 2279 animos:
689 2241 746 2279 non
761 2223 880 2279 reddere
900 2223 1031 2296 salutem,
1046 2243 1104 2281 non

142 2301 357 2356 “salutantibus
370 2301 438 2356 dare
451 2317 627 2374 responsum,
649 2319 707 2355 non
732 2300 842 2356 hiscere
862 2319 1033 2374 quemquam
1046 2319 1104 2376 pras

142 2387 248 2432 “metu
267 2378 399 2450 potuisse,
414 2387 557 2450 tamquam
582 2376 737 2432 serentibus
758 2378 853 2434 adhuc
877 2379 1039 2436 cervicibus
1059 2379 1140 2455 ju·2⁵

142 2464 160 2490 ⁸‘
170 2473 247 2528 gum,
263 2454 317 2508 sub
330 2473 386 2526 quo
399 2453 495 2509 emissi
510 2465 614 2510 essent.
656 2453 772 2510 Habere
787 2456 931 2514 Samnites
946 2456 1103 2524 victoriam,

142 2541 161 2566 “
171 2549 227 2587 non
243 2530 409 2605 praeclaram
424 2531 529 2602 solum,
544 2531 593 2587 sed
608 2531 694 2588 etiam
705 2545 869 2607 perpetuam
883 2552 890 2590 :
905 2533 1015 2608 cepisse
1026 2535 1105 2591 enim

142 2617 219 2665 “eos
233 2627 290 2665 uon
305 2609 438 2678 Romam,
453 2608 528 2665 sicut
541 2609 605 2665 ante
620 2610 727 2676 Gallos,
752 2610 813 2681 sed,
834 2611 908 2684 quod
923 2609 1012 2668 multd
1028 2611 1106 2668 belli·

143 2695 162 2725 “
171 2687 266 2745 coslus
280 2686 375 2754 luerit,
390 2687 553 2744 Romanam
566 2687 697 2744 virtutem
712 2687 933 2761 ferociamque.”

181 2842 251 2900 vss.
272 2843 373 2904 Quum
388 2844 450 2899 haec
464 2843 627 2902 dicerentur
642 2843 872 2918 audirenturque,
886 2853 915 2900 et
928 2845 1105 2919 deploratum
1115 2854 1141 2894 ³⁰

141 2939 223 2996 paene
237 2921 401 2978 Romanum
413 2939 518 2977 nomen
533 2921 561 2977 in
576 2921 699 2978 concilio
712 2921 854 2978 sociorum
868 2921 996 2978 fidelium
1010 2934 1105 2990 essen

142 2999 247 3056 dicitur
260 2997 364 3055 Ofilius
377 2998 520 3068 Calavius,
534 2997 600 3054 Ovii
614 2998 698 3067 filius,
721 2997 816 3055 clarus
838 3017 947 3074 genere
958 2999 1105 3073 lactisque,

142 3087 203 3132 turn
219 3076 303 3132 etiam
319 3086 401 3132 aetate
415 3076 564 3142 verendus,
579 3075 663 3150 longe
688 3075 768 3132 aliter
782 3077 932 3134 se-habere
947 3095 1007 3133 rem
1021 3078 1107 3134 dixis·

143 3172 190 3210 se:
213 3153 394 3210 “Silentium
409 3153 478 3210 illud
492 3154 674 3218 obstinatum,
690 3152 814 3227 fixosque
829 3154 859 3210 iu
880 3166 983 3212 terram
995 3155 1106 3222 oculos,

145 3240 202 3287 “et
215 3230 315 3286 surdas
339 3231 374 3286 ad
396 3231 493 3286 omnia
513 3231 613 3288 solatia
640 3249 733 3296 aures,
754 3242 783 3286 et
803 3231 939 3305 pudorem
961 3233 1142 3290 intuendae&

145 3307 255 3372 “lucis,
270 3307 416 3383 ingentem
430 3309 534 3365 molem
548 3309 651 3366 irarum
675 3327 712 3364 ex
735 3308 791 3366 alto
808 3309 905 3366 animo
918 3309 1021 3366 cientis
1035 3310 1108 3368 indi·

145 3386 220 3442 “cia
233 3403 315 3442 esse:
337 3396 385 3441 aut
399 3385 533 3442 Romana
547 3405 577 3443 se
591 3387 721 3462 ignorare
743 3385 868 3461 ingenia,
891 3399 940 3444 aut
961 3388 1106 3444 silentium

146 3472 165 3514 ⁴⁶.
174 3463 243 3520 illud
267 3463 443 3519 Samnitibus
467 3463 576 3521 flebiles
600 3464 676 3520 brevi
698 3465 837 3521 clamores
860 3461 1040 3539 gemitusque
1061 3485 1109 3522 ex·

146 3551 165 3578 ‘⁸
174 3541 342 3610 citaturum;
364 3537 559 3615 Caudinaeque
574 3542 652 3617 pacis
666 3541 810 3614 aliquantb
821 3543 1008 3610 Samnitibus,
1022 3544 1107 3617 quam

146 3629 166 3657 ‘⁴
176 3619 326 3689 Romanis,
340 3620 490 3676 tristiorem
506 3620 670 3676 memoriam
686 3619 753 3676 lore.
794 3619 913 3695 Quippe
932 3641 998 3678 suos
1011 3639 1108 3695 quem·
1118 3629 1144 3670 ⁴0

147 3705 229 3772 “que
256 3715 353 3753 eorum
380 3698 490 3754 animos
516 3697 688 3763 habitururn,
723 3697 895 3771 ubicumque
924 3700 1109 3773 ‚congressuri

148 3783 167 3812 “
176 3775 251 3832 sint:
272 3775 359 3832 saltus
372 3775 519 3832 Caudinos
532 3794 589 3832 non
605 3774 708 3846 ubique
723 3775 899 3832 Samnitibus
913 3777 1000 3833 fore.''
1043 3776 1109 3834 Jam
