2632 4224
161 347 201 408 84
345 363 353 368 ·
579 349 648 400 ΤΙΤΙ
665 349 750 400 Lrvn

206 489 212 502 .
907 490 913 501 .
1004 469 1005 472 ¹
1040 439 1153 502 wat,

161 489 416 641 suffitione
430 489 548 566 collegia
563 492 666 567 corrigi
681 492 792 548 reddita
806 491 842 548 ab
861 509 891 546 se
903 510 966 566 Jura
980 491 1128 550 tuissent:

161 579 190 624 et
244 587 266 624 te
336 610 343 635 ‚
365 589 428 643 quae
450 569 494 626 sui
515 569 616 644 judicii
632 571 719 626 videri
735 581 858 644 possent,
881 571 916 624 ad
932 571 1063 643 populum
1086 591 1130 628 re·

160 646 307 722 jecissent.
364 647 548 720 Aliquamdiu
572 660 698 721 aequatus
728 649 801 703 inter
822 665 923 704 omnes
944 658 1033 704 terror
1054 649 1129 705 suit:

160 725 296 798 paulatim
318 735 393 781 totus
414 735 523 781 vertere
555 725 584 780 in
613 726 725 799 plebem
747 726 842 808 poepit.
886 726 1131 783 Abstinebatura

162 803 311 858 Patribus:
342 803 371 859 in
387 803 551 858 humiliores
565 803 715 859 libidinose
731 823 762 858 cr
784 803 941 907 deliteppue
963 804 1131 860 consuleba-
1151 815 1164 855 5

161 890 223 936 tur:
247 881 477 950 bominum‚non
499 900 660 947 causarum,
693 823 911 1014 tow
963 883 1037 954 apud
1059 893 1130 955 quos
1173 931 1175 936 .

22 929 251 1032 buastateegrptia
267 960 321 1024 vim
337 960 408 1032 aequi
425 935 550 1014 liaberet.
593 959 800 1015 Judiciadomi
837 977 872 1014 on
896 891 939 1014 ab

933 969 991 1029 ant,
1015 979 1131 1016 ,renun-

160 1037 270 1092 tiabant
299 1037 327 1092 in
350 1037 418 1093 soro.
472 1038 503 1093 Si
524 1037 588 1110 quis
608 1037 747 1112 collegam
770 1037 947 1111 appellasset,
970 979 1070 1107 abien,
1094 1039 1130 1094 ad

160 1113 247 1187 quem
261 1128 387 1186 venerat,
401 1114 440 1170 ita
454 1115 631 1181 discedebat,
657 1127 688 1171 ut
711 1116 871 1189 paeniteret,
894 1133 952 1170 non
966 1115 1068 1188 prioris
1083 1116 1130 1170 de·

144 1197 239 1248 ‘creto
254 1194 374 1249 stetisse.
426 1193 534 1267 Opinio
560 1194 646 1248 etiam
674 1193 735 1249 sine
757 1204 872 1249 auctore
887 1193 1003 1262 exierat,
1019 1212 1076 1249 non
1100 1194 1129 1249 in
1141 1203 1165 1242 1⁰

137 1266 307 1344 ”presentis
322 1270 405 1328 modi)
427 1271 562 1346 temporis
582 1290 632 1326 eos
647 1271 778 1346 injuriam
801 1271 989 1344 conspirasse,
1015 1271 1063 1327 sed
1080 1271 1129 1326 foe·

160 1349 214 1404 dus
228 1349 438 1406 clandestinum
454 1351 527 1406 inter
549 1350 623 1422 ipsos
641 1349 826 1423 jurejurando
840 1349 938 1418 ictum,
954 1367 990 1404 ne
1012 1349 1130 1405 comitia
1227 1353 1230 1358 “

149 1417 309 1502 *pallerent
325 1439 516 1502 perpetuoque
531 1427 724 1483 decenrviratu
738 1445 901 1501 possessum
916 1427 1004 1502 semel
1018 1427 1129 1482 obtine-

140 1511 225 1569 „vtent
239 1505 398 1580 imperium.
883 1495 947 1534 ‘’¹²³“
965 1509 1005 1536 *³¹⁴
1015 1493 1070 1532 ‘⁴⁶‘
1086 1541 1098 1551 -

201 1661 363 1720 XXXVII.
385 1661 898 1744 circumspectareftumupatric‘iorupn
908 1661 1001 1720 vultus
1015 1661 1130 1752 plebeji‚
1141 1671 1166 1712 15

161 1748 190 1794 et
214 1739 281 1795 inde
304 1739 442 1797 libertatis
456 1721 806 1815 cltpt'a‘tb'auram‚'*rirtild‘⁴
818 1737 980 1796 sellitutem
1001 1740 1131 1795 timendo

161 1817 190 1872 in
206 1837 271 1872 eum
287 1830 390 1874 statum
404 1819 609 1893 rempublicam
624 1819 811 1875 adduxerant.
853 1818 995 1874 Primores
1015 1817 1131 1872 Patrum

160 1895 255 1952 odisse
277 1897 463 1966 decemviros,
485 1898 579 1953 odisse
603 1898 736 1971 plebem:
772 1915 827 1952 nec
849 1897 977 1970 probare,
998 1913 1060 1968 quae
1082 1895 1131 1950 tie·

161 1986 241 2041 rent;
264 1986 293 2030 et
320 1976 448 2044 credere,
471 1976 545 2030 baud
568 1975 694 2050 indignis
716 1975 857 2030 accidere.
907 1973 1000 2028 Avide
1022 1974 1132 2029 ruendo

162 2053 197 2106 ad
213 2052 373 2108 libertatem
390 2053 418 2108 in
433 2053 597 2110 servitutem
619 2053 729 2126 elapsos
741 2053 840 2126 juvare
854 2049 949 2106 nolle:
984 2051 1167 2106 cumularem

161 2149 273 2204 quoque
289 2131 416 2206 injurias,
432 2143 472 2197 ut,
488 2131 572 2186 taedio
586 2131 778 2206 praesentium,
791 2129 923 2186 consules
935 2129 992 2184 duo
1006 2130 1132 2198 tandem,

161 2217 190 2263 et
212 2219 300 2264 status
322 2210 457 2283 prisfflrus
481 2222 587 2275 rerum,
614 2210 641 2264 in
664 2209 837 2264 desiderium
857 2208 981 2280 veniant.
1024 2207 1089 2263 Jam
1104 2218 1133 2264 et

80 2319 88 2330 ·-
161 2299 337 2359 processerat
357 2297 423 2362 pars
445 2288 533 2362 major
557 2287 635 2358 anni,
650 2298 678 2342 et
693 2287 757 2341 duae
778 2285 881 2340 tabule
903 2286 998 2358 legum
1021 2285 1055 2340 ad
1078 2285 1133 2358 pri·

79 2397 80 2402 =
160 2365 218 2420 oris
233 2364 300 2419 anni
315 2366 415 2420 decem
432 2365 542 2420 tabulas
556 2376 638 2420 erant
661 2363 801 2438 adjectae:
833 2381 888 2417 nec
907 2363 1059 2435 quidquam
1072 2363 1132 2435 jam

162 2453 316 2514 supererat,
332 2443 355 2498 si
379 2443 422 2498 hae
443 2461 554 2516 quoque
576 2443 654 2516 leges
676 2440 843 2497 centuriatis
864 2439 987 2498 comitiis
1014 2439 1168 2514 perlatae2⁵

162 2530 269 2590 essent,
285 2539 336 2575 cur
350 2539 385 2576 eo
400 2522 565 2595 magistratu
580 2519 744 2594 reipublicae
759 2538 830 2592 opus
843 2530 927 2574 esset.
973 2517 1132 2592 Exspecta-

161 2596 238 2666 bant,
253 2595 338 2670 quam
354 2618 420 2655 mox
434 2599 599 2672 consulibus
614 2598 746 2680 creandis
758 2597 874 2666 comitia
882 2595 1072 2652 edicerentur.
1097 2595 1132 2652 Id

160 2674 245 2730 modd
260 2676 358 2750 plebes
372 2655 741 2752 agitabat·quonani'nibdo
753 2669 935 2731 tribuniciam
951 2685 1131 2748 potestatem,

161 2753 371 2810 munimentum
387 2755 519 2822 libertati,
531 2773 591 2810 rem
604 2750 803 2822 intermissam,
816 2763 987 2826 repararent.
1029 2752 1130 2812 Quum

162 2829 275 2886 interim
299 2833 407 2888 mentio
428 2833 607 2888 comitiorum
637 2832 714 2888 nulla
741 2831 810 2898 fieri,
839 2841 868 2886 et
899 2831 1064 2901 decemviri,
1085 2831 1168 2904 qui³⁰

162 2908 253 2984 primd
267 2911 435 2966 tribunicios
454 2909 593 2974 homines
609 2910 675 2983 quia
690 2909 717 2966 id
743 2909 877 2984 populare
899 2908 1065 2980 habebatur,
1080 2911 1135 2966 cir·

162 3006 228 3043 cum
250 3007 280 3043 se
301 2997 513 3044 ostentaverant
533 2989 619 3062 plebi,
649 2988 776 3062 patriciis
802 2987 955 3062 juvenibus
984 2997 1133 3060 sepserant

151 3065 266 3132 latera:
301 3085 397 3122 eorum
421 3079 541 3122 catervae
572 3067 725 3122 tribunalia
748 3065 927 3122 obsederant.
984 3065 1023 3121 Hi
1046 3066 1129 3134 ferre,

147 3135 247 3218 ‘agere
262 3144 373 3216 plebem
389 3145 534 3220 plebisque
549 3163 611 3213 res3
649 3143 748 3221 [quum
772 3143 893 3209 fortuna,
916 3143 972 3216 qud
993 3136 1131 3218 quidquid

162 3221 291 3294 cupitum
304 3221 385 3288 foret,
400 3224 567 3296 potentioris
587 3224 685 3302 esset]
729 3221 766 3279 Et
778 3223 835 3298 jam
859 3241 896 3277 ne
917 3233 997 3296 tergo
1017 3221 1168 3300 quidem&
1217 3287 1221 3294 .
1262 3281 1264 3289 ,

149 3299 375 3382 abstinebatur:
397 3301 484 3375 virgis
498 3303 581 3373 caedi,
593 3303 640 3358 alii
655 3302 748 3358 securi
763 3301 882 3378 subjici;
915 3311 954 3366 et,
977 3319 1014 3356 ne
1028 3261 1209 3375 §ibtu'ss“l⁴'''
1219 3295 1236 3314 ‘¹
1302 3353 1303 3374 p

163 3389 192 3433 ta
206 3377 360 3434 erudelitas
381 3391 466 3443 esset,
482 3379 619 3436 bonorum
641 3381 756 3438 donatio
771 3382 850 3454 sequi
875 3379 984 3435 domini
999 3377 1132 3452 supplici·
1302 3375 1303 3388 ¹

163 3475 222 3512 um.
265 3457 330 3512 Hac
355 3457 488 3512 mercede
508 3457 642 3530 juventus
664 3459 767 3514 nobilis
795 3469 936 3531 corrupta,
965 3474 1022 3510 non
1049 3453 1132 3510 modd

164 3537 221 3591 non
234 3535 274 3590 ire
288 3535 400 3590 obviam
417 3534 535 3609 injuriae,
558 3524 607 3590 seh
622 3537 766 3610 propalam
780 3535 927 3591 licentiam
941 3551 1021 3588 suam
1038 3531 1132 3600 malle,

165 3614 249 3687 quim
263 3613 391 3670 omnium
406 3613 574 3674 libertatem.
