<?xml version="1.0" encoding="UTF-8"?>
<!DOCTYPE html PUBLIC "-//W3C//DTD XHTML 1.0 Transitional//EN"
    "http://www.w3.org/TR/xhtml1/DTD/xhtml1-transitional.dtd">
<html xmlns="http://www.w3.org/1999/xhtml" xml:lang="en" lang="en">
 <head>
  <title>
</title>
<meta http-equiv="Content-Type" content="text/html;charset=utf-8" />
  <meta name='ocr-system' content='tesseract 3.04.00' />
  <meta name='ocr-capabilities' content='ocr_page ocr_carea ocr_par ocr_line ocrx_word'/>
</head>
<body>
  <div class='ocr_page' id='page_1' title='image "./historiarumetse01livygoog_0179.png"; bbox 0 0 2630 4228; ppageno 0'>
   <div class='ocr_carea' id='block_1_1' title="bbox 179 359 741 422">
    <p class='ocr_par' dir='ltr' id='par_1_1' title="bbox 179 359 741 422">
     <span class='ocr_line' id='line_1_1' title="bbox 179 359 741 422; baseline 0 -11"><span class='ocrx_word' id='word_1_1' title='bbox 179 363 237 422; x_wconf 82' lang='grc'><strong>166</strong></span> <span class='ocrx_word' id='word_1_2' title='bbox 549 385 552 390; x_wconf 93' lang='grc'><em>·</em></span> <span class='ocrx_word' id='word_1_3' title='bbox 569 360 639 412; x_wconf 84' lang='lat' dir='ltr'><strong>&#39;l&#39;l&#39;l&#39;l</strong></span> <span class='ocrx_word' id='word_1_4' title='bbox 655 359 741 411; x_wconf 70' lang='lat' dir='ltr'><strong>lell</strong></span> 
     </span>
    </p>
   </div>
   <div class='ocr_carea' id='block_1_2' title="bbox 179 500 1177 889">
    <p class='ocr_par' dir='ltr' id='par_1_2' title="bbox 179 500 1177 889">
     <span class='ocr_line' id='line_1_2' title="bbox 179 500 1141 580; baseline 0.001 -19"><span class='ocrx_word' id='word_1_5' title='bbox 179 503 247 580; x_wconf 90' lang='lat' dir='ltr'><strong>pulo</strong></span> <span class='ocrx_word' id='word_1_6' title='bbox 274 501 415 560; x_wconf 82' lang='lat' dir='ltr'><strong>Romano.</strong></span> <span class='ocrx_word' id='word_1_7' title='bbox 468 501 623 579; x_wconf 81' lang='lat' dir='ltr'><strong>Angebant</strong></span> <span class='ocrx_word' id='word_1_8' title='bbox 650 502 774 578; x_wconf 88' lang='lat' dir='ltr'><strong>ingentis</strong></span> <span class='ocrx_word' id='word_1_9' title='bbox 795 500 1018 578; x_wconf 73' lang='lat' dir='ltr'><strong>spiritbsrirum</strong></span> <span class='ocrx_word' id='word_1_10' title='bbox 1040 501 1141 562; x_wconf 78' lang='lat' dir='ltr'><strong>Sicilia</strong></span> 
     </span>
     <span class='ocr_line' id='line_1_3' title="bbox 181 579 1141 655; baseline 0 -17"><span class='ocrx_word' id='word_1_11' title='bbox 181 579 368 655; x_wconf 76' lang='lat' dir='ltr'><strong>Sardiniaque</strong></span> <span class='ocrx_word' id='word_1_12' title='bbox 383 580 512 638; x_wconf 72' lang='lat' dir='ltr'><strong>amissas:</strong></span> <span class='ocrx_word' id='word_1_13' title='bbox 543 601 608 638; x_wconf 87' lang='lat' dir='ltr'><strong>nam</strong></span> <span class='ocrx_word' id='word_1_14' title='bbox 624 593 652 638; x_wconf 90' lang='lat' dir='ltr'><strong>et</strong></span> <span class='ocrx_word' id='word_1_15' title='bbox 667 581 793 636; x_wconf 89' lang='lat' dir='ltr'><strong>Siciliam</strong></span> <span class='ocrx_word' id='word_1_16' title='bbox 809 581 894 636; x_wconf 91' lang='lat' dir='ltr'><strong>nimis</strong></span> <span class='ocrx_word' id='word_1_17' title='bbox 908 580 994 636; x_wconf 89' lang='lat' dir='ltr'><strong>celeri</strong></span> <span class='ocrx_word' id='word_1_18' title='bbox 1009 581 1141 654; x_wconf 81' lang='lat' dir='ltr'><strong>despera-</strong></span> 
     </span>
     <span class='ocr_line' id='line_1_4' title="bbox 179 657 1140 729; baseline 0 -15"><span class='ocrx_word' id='word_1_19' title='bbox 179 658 256 714; x_wconf 85' lang='lat' dir='ltr'>tione</span> <span class='ocrx_word' id='word_1_20' title='bbox 271 677 365 716; x_wconf 91' lang='lat' dir='ltr'><strong>rerum</strong></span> <span class='ocrx_word' id='word_1_21' title='bbox 380 677 555 729; x_wconf 80' lang='lat' dir='ltr'><strong>concessam,</strong></span> <span class='ocrx_word' id='word_1_22' title='bbox 570 670 598 715; x_wconf 88' lang='lat' dir='ltr'><strong>et</strong></span> <span class='ocrx_word' id='word_1_23' title='bbox 614 658 785 724; x_wconf 83' lang='lat' dir='ltr'>Sardiniam,</span> <span class='ocrx_word' id='word_1_24' title='bbox 809 658 881 714; x_wconf 91' lang='lat' dir='ltr'><strong>inter</strong></span> <span class='ocrx_word' id='word_1_25' title='bbox 899 670 1006 714; x_wconf 91' lang='lat' dir='ltr'><strong>motum</strong></span> <span class='ocrx_word' id='word_1_26' title='bbox 1024 657 1140 726; x_wconf 79' lang='lat' dir='ltr'><strong>Africae,</strong></span> 
     </span>
     <span class='ocr_line' id='line_1_5' title="bbox 180 735 1142 812; baseline 0 -20"><span class='ocrx_word' id='word_1_27' title='bbox 180 736 278 792; x_wconf 84' lang='lat' dir='ltr'><strong>fraude</strong></span> <span class='ocrx_word' id='word_1_28' title='bbox 302 737 507 808; x_wconf 90' lang='lat' dir='ltr'><strong>Romanorum,</strong></span> <span class='ocrx_word' id='word_1_29' title='bbox 531 737 672 812; x_wconf 90' lang='lat' dir='ltr'><strong>stipendio</strong></span> <span class='ocrx_word' id='word_1_30' title='bbox 692 737 778 794; x_wconf 86' lang='lat' dir='ltr'><strong>etiarn</strong></span> <span class='ocrx_word' id='word_1_31' title='bbox 801 735 915 810; x_wconf 75' lang='lat' dir='ltr'><strong>insuper</strong></span> <span class='ocrx_word' id='word_1_32' title='bbox 936 735 1076 810; x_wconf 89' lang='lat' dir='ltr'><strong>imposito,</strong></span> <span class='ocrx_word' id='word_1_33' title='bbox 1098 736 1142 792; x_wconf 93' lang='lat' dir='ltr'><strong>in-</strong></span> 
     </span>
     <span class='ocr_line' id='line_1_6' title="bbox 179 815 1177 889; baseline -0.005 -18"><span class='ocrx_word' id='word_1_34' title='bbox 179 815 371 889; x_wconf 64' lang='lat' dir='ltr'><strong>terceptam·</strong></span> <span class='ocrx_word' id='word_1_35' title='bbox 1163 827 1177 866; x_wconf 86' lang='lat' dir='ltr'><strong>s</strong></span> 
     </span>
    </p>
   </div>
   <div class='ocr_carea' id='block_1_3' title="bbox 179 967 1141 1205">
    <p class='ocr_par' dir='ltr' id='par_1_3' title="bbox 179 967 1141 1205">
     <span class='ocr_line' id='line_1_7' title="bbox 220 967 1141 1042; baseline -0.002 -16"><span class='ocrx_word' id='word_1_36' title='bbox 220 970 260 1026; x_wconf 93' lang='lat' dir='ltr'><strong>Il.</strong></span> <span class='ocrx_word' id='word_1_37' title='bbox 290 971 345 1027; x_wconf 90' lang='lat' dir='ltr'><strong>His</strong></span> <span class='ocrx_word' id='word_1_38' title='bbox 359 970 459 1026; x_wconf 86' lang='lat' dir='ltr'><strong>anxius</strong></span> <span class='ocrx_word' id='word_1_39' title='bbox 470 970 546 1030; x_wconf 89' lang='lat' dir='ltr'><strong>curis</strong></span> <span class='ocrx_word' id='word_1_40' title='bbox 560 970 599 1027; x_wconf 91' lang='lat' dir='ltr'><strong>ita</strong></span> <span class='ocrx_word' id='word_1_41' title='bbox 613 989 643 1026; x_wconf 90' lang='lat' dir='ltr'><strong>se</strong></span> <span class='ocrx_word' id='word_1_42' title='bbox 660 970 759 1032; x_wconf 85' lang='lat' dir='ltr'><strong>Africo</strong></span> <span class='ocrx_word' id='word_1_43' title='bbox 772 969 856 1040; x_wconf 88' lang='lat' dir='ltr'><strong>bello,</strong></span> <span class='ocrx_word' id='word_1_44' title='bbox 870 967 944 1042; x_wconf 90' lang='lat' dir='ltr'><strong>quod</strong></span> <span class='ocrx_word' id='word_1_45' title='bbox 958 968 1012 1024; x_wconf 89' lang='lat' dir='ltr'><strong>suit</strong></span> <span class='ocrx_word' id='word_1_46' title='bbox 1026 969 1079 1024; x_wconf 92' lang='lat' dir='ltr'><strong>sub</strong></span> <span class='ocrx_word' id='word_1_47' title='bbox 1098 987 1141 1024; x_wconf 88' lang='lat' dir='ltr'><strong>re·</strong></span> 
     </span>
     <span class='ocr_line' id='line_1_8' title="bbox 180 1046 1140 1122; baseline -0.003 -17"><span class='ocrx_word' id='word_1_48' title='bbox 180 1060 293 1106; x_wconf 80' lang='lat' dir='ltr'><strong>centem</strong></span> <span class='ocrx_word' id='word_1_49' title='bbox 318 1049 479 1104; x_wconf 78' lang='lat' dir='ltr'>Romanam</span> <span class='ocrx_word' id='word_1_50' title='bbox 501 1067 610 1122; x_wconf 91' lang='lat' dir='ltr'><strong>pacem,</strong></span> <span class='ocrx_word' id='word_1_51' title='bbox 638 1067 688 1122; x_wconf 88' lang='lat' dir='ltr'><strong>per</strong></span> <span class='ocrx_word' id='word_1_52' title='bbox 714 1047 839 1120; x_wconf 86' lang='lat' dir='ltr'><strong>quinque</strong></span> <span class='ocrx_word' id='word_1_53' title='bbox 853 1065 951 1112; x_wconf 90' lang='lat' dir='ltr'><strong>annos,</strong></span> <span class='ocrx_word' id='word_1_54' title='bbox 974 1048 1013 1102; x_wconf 89' lang='lat' dir='ltr'><strong>ita</strong></span> <span class='ocrx_word' id='word_1_55' title='bbox 1036 1046 1140 1104; x_wconf 88' lang='lat' dir='ltr'><strong>deinde</strong></span> 
     </span>
     <span class='ocr_line' id='line_1_9' title="bbox 179 1125 1140 1205; baseline -0.003 -23"><span class='ocrx_word' id='word_1_56' title='bbox 179 1145 280 1183; x_wconf 82' lang='lat' dir='ltr'><strong>norem</strong></span> <span class='ocrx_word' id='word_1_57' title='bbox 296 1126 378 1182; x_wconf 88' lang='lat' dir='ltr'><strong>annis</strong></span> <span class='ocrx_word' id='word_1_58' title='bbox 401 1127 430 1182; x_wconf 93' lang='lat' dir='ltr'><strong>in</strong></span> <span class='ocrx_word' id='word_1_59' title='bbox 455 1126 596 1200; x_wconf 71' lang='lat' dir='ltr'><strong>Hispania</strong></span> <span class='ocrx_word' id='word_1_60' title='bbox 617 1125 749 1200; x_wconf 85' lang='lat' dir='ltr'><strong>augendo</strong></span> <span class='ocrx_word' id='word_1_61' title='bbox 772 1125 881 1180; x_wconf 92' lang='lat' dir='ltr'><strong>Punico</strong></span> <span class='ocrx_word' id='word_1_62' title='bbox 895 1125 1012 1198; x_wconf 88' lang='lat' dir='ltr'><strong>imperio</strong></span> <span class='ocrx_word' id='word_1_63' title='bbox 1032 1125 1140 1205; x_wconf 74' lang='lat' dir='ltr'><strong>gessit3</strong></span> 
     </span>
    </p>
   </div>
   <div class='ocr_carea' id='block_1_4' title="bbox 98 1202 1277 2989">
    <p class='ocr_par' dir='ltr' id='par_1_4' title="bbox 179 1202 1277 1510">
     <span class='ocr_line' id='line_1_10' title="bbox 180 1202 1142 1278; baseline -0.001 -19"><span class='ocrx_word' id='word_1_64' title='bbox 180 1214 211 1259; x_wconf 93' lang='lat' dir='ltr'><strong>ut</strong></span> <span class='ocrx_word' id='word_1_65' title='bbox 225 1216 379 1277; x_wconf 81' lang='lat' dir='ltr'><strong>appareret,</strong></span> <span class='ocrx_word' id='word_1_66' title='bbox 394 1204 486 1278; x_wconf 88' lang='lat' dir='ltr'><strong>majus</strong></span> <span class='ocrx_word' id='word_1_67' title='bbox 499 1223 576 1270; x_wconf 90' lang='lat' dir='ltr'><strong>eurn,</strong></span> <span class='ocrx_word' id='word_1_68' title='bbox 590 1204 676 1277; x_wconf 74' lang='lat' dir='ltr'><strong>quiam</strong></span> <span class='ocrx_word' id='word_1_69' title='bbox 691 1203 764 1278; x_wconf 89' lang='lat' dir='ltr'><strong>quod</strong></span> <span class='ocrx_word' id='word_1_70' title='bbox 779 1214 900 1278; x_wconf 83' lang='lat' dir='ltr'><strong>gereret,</strong></span> <span class='ocrx_word' id='word_1_71' title='bbox 916 1203 1023 1276; x_wconf 89' lang='lat' dir='ltr'><strong>agitare</strong></span> <span class='ocrx_word' id='word_1_72' title='bbox 1038 1202 1066 1258; x_wconf 92' lang='lat' dir='ltr'><strong>in</strong></span> <span class='ocrx_word' id='word_1_73' title='bbox 1082 1203 1142 1258; x_wconf 81' lang='lat' dir='ltr'><strong>ani·</strong></span> 
     </span>
     <span class='ocr_line' id='line_1_11' title="bbox 179 1279 1277 1352; baseline -0.005 -15"><span class='ocrx_word' id='word_1_74' title='bbox 179 1300 226 1337; x_wconf 88' lang='lat' dir='ltr'><strong>nro</strong></span> <span class='ocrx_word' id='word_1_75' title='bbox 241 1281 363 1337; x_wconf 91' lang='lat' dir='ltr'><strong>bellurn:</strong></span> <span class='ocrx_word' id='word_1_76' title='bbox 394 1292 433 1352; x_wconf 87' lang='lat' dir='ltr'><strong>et,</strong></span> <span class='ocrx_word' id='word_1_77' title='bbox 447 1281 470 1337; x_wconf 89' lang='lat' dir='ltr'><strong>si</strong></span> <span class='ocrx_word' id='word_1_78' title='bbox 485 1281 591 1337; x_wconf 91' lang='lat' dir='ltr'><strong>diutius</strong></span> <span class='ocrx_word' id='word_1_79' title='bbox 604 1281 728 1351; x_wconf 88' lang='lat' dir='ltr'><strong>vixisset,</strong></span> <span class='ocrx_word' id='word_1_80' title='bbox 753 1279 917 1335; x_wconf 83' lang='lat' dir='ltr'><strong>Hamilcare</strong></span> <span class='ocrx_word' id='word_1_81' title='bbox 939 1281 1013 1336; x_wconf 90' lang='lat' dir='ltr'><strong>duce</strong></span> <span class='ocrx_word' id='word_1_82' title='bbox 1038 1279 1142 1335; x_wconf 86' lang='lat' dir='ltr'><strong>Poenos</strong></span> <span class='ocrx_word' id='word_1_83' title='bbox 1154 1295 1177 1332; x_wconf 82' lang='lat' dir='ltr'><strong>rc</strong></span> <span class='ocrx_word' id='word_1_84' title='bbox 1272 1301 1277 1312; x_wconf 89' lang='lat'>·</span> 
     </span>
     <span class='ocr_line' id='line_1_12' title="bbox 180 1357 1142 1432; baseline 0 -18"><span class='ocrx_word' id='word_1_85' title='bbox 180 1377 258 1416; x_wconf 88' lang='lat' dir='ltr'><strong>arma</strong></span> <span class='ocrx_word' id='word_1_86' title='bbox 282 1358 371 1414; x_wconf 79' lang='lat' dir='ltr'><strong>ltaliae</strong></span> <span class='ocrx_word' id='word_1_87' title='bbox 396 1359 521 1418; x_wconf 85' lang='lat' dir='ltr'><strong>illaturos</strong></span> <span class='ocrx_word' id='word_1_88' title='bbox 546 1359 641 1428; x_wconf 84' lang='lat' dir='ltr'><strong>luisse,</strong></span> <span class='ocrx_word' id='word_1_89' title='bbox 665 1377 727 1432; x_wconf 88' lang='lat' dir='ltr'><strong>quae</strong></span> <span class='ocrx_word' id='word_1_90' title='bbox 751 1357 921 1414; x_wconf 87' lang='lat' dir='ltr'><strong>Hannibalis</strong></span> <span class='ocrx_word' id='word_1_91' title='bbox 938 1357 1026 1414; x_wconf 90' lang='lat' dir='ltr'><strong>ductu</strong></span> <span class='ocrx_word' id='word_1_92' title='bbox 1040 1358 1142 1414; x_wconf 84' lang='lat' dir='ltr'><strong>intule-</strong></span> 
     </span>
     <span class='ocr_line' id='line_1_13' title="bbox 179 1435 1143 1510; baseline -0.001 -18"><span class='ocrx_word' id='word_1_93' title='bbox 179 1446 253 1492; x_wconf 89' lang='lat' dir='ltr'><strong>runt.</strong></span> <span class='ocrx_word' id='word_1_94' title='bbox 296 1435 374 1492; x_wconf 90' lang='lat' dir='ltr'><strong>lllors</strong></span> <span class='ocrx_word' id='word_1_95' title='bbox 388 1437 560 1492; x_wconf 86' lang='lat' dir='ltr'><strong>Hamilcaris</strong></span> <span class='ocrx_word' id='word_1_96' title='bbox 572 1447 789 1510; x_wconf 90' lang='lat' dir='ltr'><strong>peropportuna,</strong></span> <span class='ocrx_word' id='word_1_97' title='bbox 809 1446 838 1490; x_wconf 87' lang='lat' dir='ltr'><strong>et</strong></span> <span class='ocrx_word' id='word_1_98' title='bbox 860 1435 981 1508; x_wconf 92' lang='lat' dir='ltr'><strong>pueritia</strong></span> <span class='ocrx_word' id='word_1_99' title='bbox 996 1435 1143 1491; x_wconf 88' lang='lat' dir='ltr'><strong>Hanniba-</strong></span> 
     </span>
    </p>

    <p class='ocr_par' dir='ltr' id='par_1_5' title="bbox 178 1511 1176 1900">
     <span class='ocr_line' id='line_1_14' title="bbox 179 1511 1143 1587; baseline 0.004 -19"><span class='ocrx_word' id='word_1_100' title='bbox 179 1513 224 1578; x_wconf 90' lang='lat' dir='ltr'><strong>lis,</strong></span> <span class='ocrx_word' id='word_1_101' title='bbox 239 1513 409 1568; x_wconf 89' lang='lat' dir='ltr'><strong>distulerunt</strong></span> <span class='ocrx_word' id='word_1_102' title='bbox 425 1513 538 1568; x_wconf 87' lang='lat' dir='ltr'><strong>bellum.</strong></span> <span class='ocrx_word' id='word_1_103' title='bbox 581 1514 697 1569; x_wconf 91' lang='lat' dir='ltr'><strong>Medius</strong></span> <span class='ocrx_word' id='word_1_104' title='bbox 721 1511 882 1569; x_wconf 86' lang='lat' dir='ltr'><strong>Hasdrubal</strong></span> <span class='ocrx_word' id='word_1_105' title='bbox 905 1513 977 1568; x_wconf 90' lang='lat' dir='ltr'><strong>inter</strong></span> <span class='ocrx_word' id='word_1_106' title='bbox 991 1525 1098 1587; x_wconf 90' lang='lat' dir='ltr'><strong>patrem</strong></span> <span class='ocrx_word' id='word_1_107' title='bbox 1113 1527 1143 1572; x_wconf 90' lang='lat' dir='ltr'><strong>et</strong></span> 
     </span>
     <span class='ocr_line' id='line_1_15' title="bbox 179 1589 1141 1665; baseline 0.002 -19"><span class='ocrx_word' id='word_1_108' title='bbox 179 1591 268 1646; x_wconf 86' lang='lat' dir='ltr'><strong>filiurn</strong></span> <span class='ocrx_word' id='word_1_109' title='bbox 283 1602 348 1646; x_wconf 91' lang='lat' dir='ltr'><strong>octo</strong></span> <span class='ocrx_word' id='word_1_110' title='bbox 363 1591 451 1646; x_wconf 83' lang='lat' dir='ltr'><strong>ferme</strong></span> <span class='ocrx_word' id='word_1_111' title='bbox 466 1609 555 1647; x_wconf 89' lang='lat' dir='ltr'><strong>annos</strong></span> <span class='ocrx_word' id='word_1_112' title='bbox 571 1592 720 1665; x_wconf 91' lang='lat' dir='ltr'><strong>imperium</strong></span> <span class='ocrx_word' id='word_1_113' title='bbox 735 1591 872 1660; x_wconf 89' lang='lat' dir='ltr'><strong>obtinuit;</strong></span> <span class='ocrx_word' id='word_1_114' title='bbox 895 1589 961 1646; x_wconf 89' lang='lat' dir='ltr'><strong>flore</strong></span> <span class='ocrx_word' id='word_1_115' title='bbox 976 1591 1065 1646; x_wconf 80' lang='lat' dir='ltr'><strong>aetatis</strong></span> <span class='ocrx_word' id='word_1_116' title='bbox 1086 1590 1141 1664; x_wconf 87' lang='lat' dir='ltr'><strong>(uti</strong></span> 
     </span>
     <span class='ocr_line' id='line_1_16' title="bbox 179 1667 1176 1743; baseline -0.004 -19"><span class='ocrx_word' id='word_1_117' title='bbox 179 1667 286 1743; x_wconf 87' lang='lat' dir='ltr'><strong>ferunt)</strong></span> <span class='ocrx_word' id='word_1_118' title='bbox 302 1667 394 1742; x_wconf 81' lang='lat' dir='ltr'><strong>primo</strong></span> <span class='ocrx_word' id='word_1_119' title='bbox 410 1669 567 1725; x_wconf 85' lang='lat' dir='ltr'><strong>Hamilcari</strong></span> <span class='ocrx_word' id='word_1_120' title='bbox 583 1670 768 1726; x_wconf 89' lang='lat' dir='ltr'><strong>conciliatus:</strong></span> <span class='ocrx_word' id='word_1_121' title='bbox 803 1687 891 1743; x_wconf 83' lang='lat' dir='ltr'><strong>gener</strong></span> <span class='ocrx_word' id='word_1_122' title='bbox 916 1668 982 1724; x_wconf 90' lang='lat' dir='ltr'><strong>inde</strong></span> <span class='ocrx_word' id='word_1_123' title='bbox 1004 1669 1041 1724; x_wconf 94' lang='lat' dir='ltr'><strong>ob</strong></span> <span class='ocrx_word' id='word_1_124' title='bbox 1056 1669 1139 1726; x_wconf 89' lang='lat' dir='ltr'><strong>altam</strong></span> <span class='ocrx_word' id='word_1_125' title='bbox 1154 1683 1176 1720; x_wconf 83' lang='lat' dir='ltr'><strong>rs</strong></span> 
     </span>
     <span class='ocr_line' id='line_1_17' title="bbox 178 1745 1174 1820; baseline 0.001 -18"><span class='ocrx_word' id='word_1_126' title='bbox 178 1745 302 1802; x_wconf 89' lang='lat' dir='ltr'><strong>indolem</strong></span> <span class='ocrx_word' id='word_1_127' title='bbox 319 1755 451 1819; x_wconf 83' lang='lat' dir='ltr'><strong>provecto</strong></span> <span class='ocrx_word' id='word_1_128' title='bbox 465 1747 548 1802; x_wconf 90' lang='lat' dir='ltr'><strong>annis</strong></span> <span class='ocrx_word' id='word_1_129' title='bbox 562 1747 702 1815; x_wconf 89' lang='lat' dir='ltr'><strong>adscitus;</strong></span> <span class='ocrx_word' id='word_1_130' title='bbox 724 1757 762 1818; x_wconf 87' lang='lat' dir='ltr'><strong>et,</strong></span> <span class='ocrx_word' id='word_1_131' title='bbox 775 1747 841 1820; x_wconf 90' lang='lat' dir='ltr'><strong>quia</strong></span> <span class='ocrx_word' id='word_1_132' title='bbox 854 1765 943 1820; x_wconf 84' lang='lat' dir='ltr'><strong>gener</strong></span> <span class='ocrx_word' id='word_1_133' title='bbox 957 1757 1026 1812; x_wconf 89' lang='lat' dir='ltr'><strong>erat,</strong></span> <span class='ocrx_word' id='word_1_134' title='bbox 1043 1746 1141 1804; x_wconf 88' lang='lat' dir='ltr'><strong>sactio-</strong></span> <span class='ocrx_word' id='word_1_135' title='bbox 1172 1766 1174 1769; x_wconf 77' lang='grc'><strong>’</strong></span> 
     </span>
     <span class='ocr_line' id='line_1_18' title="bbox 178 1823 1140 1900; baseline 0.004 -22"><span class='ocrx_word' id='word_1_136' title='bbox 178 1823 223 1879; x_wconf 89' lang='lat' dir='ltr'><strong>nis</strong></span> <span class='ocrx_word' id='word_1_137' title='bbox 238 1823 366 1884; x_wconf 81' lang='lat' dir='ltr'><strong>Barcinae</strong></span> <span class='ocrx_word' id='word_1_138' title='bbox 379 1824 490 1898; x_wconf 88' lang='lat' dir='ltr'><strong>opibus,</strong></span> <span class='ocrx_word' id='word_1_139' title='bbox 505 1843 566 1898; x_wconf 81' lang='lat' dir='ltr'><strong>quae</strong></span> <span class='ocrx_word' id='word_1_140' title='bbox 581 1825 655 1900; x_wconf 89' lang='lat' dir='ltr'><strong>apud</strong></span> <span class='ocrx_word' id='word_1_141' title='bbox 671 1824 773 1879; x_wconf 89' lang='lat' dir='ltr'><strong>milites</strong></span> <span class='ocrx_word' id='word_1_142' title='bbox 797 1825 963 1898; x_wconf 85' lang='lat' dir='ltr'><strong>plebemque</strong></span> <span class='ocrx_word' id='word_1_143' title='bbox 978 1823 1140 1898; x_wconf 69' lang='lat' dir='ltr'><strong>plusquam</strong></span> 
     </span>
    </p>

    <p class='ocr_par' dir='ltr' id='par_1_6' title="bbox 98 1895 1221 2989">
     <span class='ocr_line' id='line_1_19' title="bbox 98 1895 1141 1978; baseline 0.002 -22"><span class='ocrx_word' id='word_1_144' title='bbox 98 1895 127 1975; x_wconf 72' lang='grc'><strong>“,’</strong></span> <span class='ocrx_word' id='word_1_145' title='bbox 179 1900 298 1959; x_wconf 85' lang='lat' dir='ltr'><strong>modicae</strong></span> <span class='ocrx_word' id='word_1_146' title='bbox 312 1913 402 1970; x_wconf 88' lang='lat' dir='ltr'><strong>erant,</strong></span> <span class='ocrx_word' id='word_1_147' title='bbox 419 1902 493 1957; x_wconf 92' lang='lat' dir='ltr'><strong>baud</strong></span> <span class='ocrx_word' id='word_1_148' title='bbox 508 1902 576 1958; x_wconf 77' lang='lat' dir='ltr'><strong>sane</strong></span> <span class='ocrx_word' id='word_1_149' title='bbox 601 1902 744 1958; x_wconf 83' lang='lat' dir='ltr'><strong>voluntate</strong></span> <span class='ocrx_word' id='word_1_150' title='bbox 769 1902 939 1975; x_wconf 91' lang='lat' dir='ltr'><strong>principum,</strong></span> <span class='ocrx_word' id='word_1_151' title='bbox 961 1903 1078 1976; x_wconf 91' lang='lat' dir='ltr'><strong>imperio</strong></span> <span class='ocrx_word' id='word_1_152' title='bbox 1092 1922 1141 1978; x_wconf 91' lang='lat' dir='ltr'><strong>po-</strong></span> 
     </span>
     <span class='ocr_line' id='line_1_20' title="bbox 179 1977 1141 2054; baseline 0.004 -20"><span class='ocrx_word' id='word_1_153' title='bbox 179 1979 255 2035; x_wconf 90' lang='lat' dir='ltr'><strong>titus.</strong></span> <span class='ocrx_word' id='word_1_154' title='bbox 298 1979 336 2050; x_wconf 90' lang='lat' dir='ltr'><strong>Is,</strong></span> <span class='ocrx_word' id='word_1_155' title='bbox 351 1979 430 2054; x_wconf 86' lang='lat' dir='ltr'><strong>plura</strong></span> <span class='ocrx_word' id='word_1_156' title='bbox 444 1977 563 2036; x_wconf 90' lang='lat' dir='ltr'><strong>consilio</strong></span> <span class='ocrx_word' id='word_1_157' title='bbox 575 1981 658 2054; x_wconf 72' lang='lat' dir='ltr'><strong>quarn</strong></span> <span class='ocrx_word' id='word_1_158' title='bbox 671 1979 696 2034; x_wconf 91' lang='lat' dir='ltr'><strong>vi</strong></span> <span class='ocrx_word' id='word_1_159' title='bbox 711 1998 824 2054; x_wconf 89' lang='lat' dir='ltr'><strong>gerens,</strong></span> <span class='ocrx_word' id='word_1_160' title='bbox 838 1980 966 2053; x_wconf 89' lang='lat' dir='ltr'><strong>hospitiis</strong></span> <span class='ocrx_word' id='word_1_161' title='bbox 979 1980 1141 2054; x_wconf 87' lang='lat' dir='ltr'><strong>regulorum</strong></span> 
     </span>
     <span class='ocr_line' id='line_1_21' title="bbox 180 2055 1176 2132; baseline -0.003 -20"><span class='ocrx_word' id='word_1_162' title='bbox 180 2055 280 2131; x_wconf 87' lang='lat' dir='ltr'><strong>magis,</strong></span> <span class='ocrx_word' id='word_1_163' title='bbox 296 2057 538 2130; x_wconf 87' lang='lat' dir='ltr'><strong>conciliandisque</strong></span> <span class='ocrx_word' id='word_1_164' title='bbox 560 2076 608 2132; x_wconf 91' lang='lat' dir='ltr'><strong>per</strong></span> <span class='ocrx_word' id='word_1_165' title='bbox 630 2057 783 2112; x_wconf 87' lang='lat' dir='ltr'><strong>amicitiam</strong></span> <span class='ocrx_word' id='word_1_166' title='bbox 803 2057 962 2130; x_wconf 86' lang='lat' dir='ltr'><strong>principum</strong></span> <span class='ocrx_word' id='word_1_167' title='bbox 978 2058 1058 2113; x_wconf 87' lang='lat' dir='ltr'><strong>novis</strong></span> <span class='ocrx_word' id='word_1_168' title='bbox 1071 2071 1176 2132; x_wconf 87' lang='lat' dir='ltr'><strong>gen-su</strong></span> 
     </span>
     <span class='ocr_line' id='line_1_22' title="bbox 178 2133 1139 2208; baseline 0.002 -18"><span class='ocrx_word' id='word_1_169' title='bbox 178 2135 264 2200; x_wconf 91' lang='lat' dir='ltr'><strong>tibus,</strong></span> <span class='ocrx_word' id='word_1_170' title='bbox 279 2134 361 2208; x_wconf 74' lang='lat' dir='ltr'><strong>quim</strong></span> <span class='ocrx_word' id='word_1_171' title='bbox 384 2135 458 2191; x_wconf 90' lang='lat' dir='ltr'><strong>bello</strong></span> <span class='ocrx_word' id='word_1_172' title='bbox 479 2146 526 2190; x_wconf 93' lang='lat' dir='ltr'><strong>aut</strong></span> <span class='ocrx_word' id='word_1_173' title='bbox 553 2135 648 2200; x_wconf 87' lang='lat' dir='ltr'><strong>armis,</strong></span> <span class='ocrx_word' id='word_1_174' title='bbox 675 2153 734 2190; x_wconf 91' lang='lat' dir='ltr'><strong>rem</strong></span> <span class='ocrx_word' id='word_1_175' title='bbox 759 2133 1025 2208; x_wconf 83' lang='lat' dir='ltr'><strong>Carthaginiensem</strong></span> <span class='ocrx_word' id='word_1_176' title='bbox 1053 2136 1139 2192; x_wconf 85' lang='lat' dir='ltr'><strong>auxit.</strong></span> 
     </span>
     <span class='ocr_line' id='line_1_23' title="bbox 179 2211 1141 2288; baseline 0.003 -21"><span class='ocrx_word' id='word_1_177' title='bbox 179 2211 320 2268; x_wconf 83' lang='lat' dir='ltr'><strong>Caeterrim</strong></span> <span class='ocrx_word' id='word_1_178' title='bbox 334 2213 424 2268; x_wconf 91' lang='lat' dir='ltr'><strong>nihilo</strong></span> <span class='ocrx_word' id='word_1_179' title='bbox 437 2213 464 2268; x_wconf 86' lang='lat' dir='ltr'><strong>ei</strong></span> <span class='ocrx_word' id='word_1_180' title='bbox 479 2231 531 2285; x_wconf 82' lang='lat' dir='ltr'><strong>pax</strong></span> <span class='ocrx_word' id='word_1_181' title='bbox 546 2212 630 2268; x_wconf 91' lang='lat' dir='ltr'><strong>tutior</strong></span> <span class='ocrx_word' id='word_1_182' title='bbox 645 2213 716 2268; x_wconf 86' lang='lat' dir='ltr'><strong>luit:</strong></span> <span class='ocrx_word' id='word_1_183' title='bbox 738 2213 873 2267; x_wconf 88' lang='lat' dir='ltr'><strong>barbarus</strong></span> <span class='ocrx_word' id='word_1_184' title='bbox 887 2231 951 2268; x_wconf 91' lang='lat' dir='ltr'><strong>eum</strong></span> <span class='ocrx_word' id='word_1_185' title='bbox 966 2213 1080 2286; x_wconf 93' lang='lat' dir='ltr'><strong>quidam</strong></span> <span class='ocrx_word' id='word_1_186' title='bbox 1092 2233 1141 2288; x_wconf 92' lang='lat' dir='ltr'><strong>pa-</strong></span> 
     </span>
     <span class='ocr_line' id='line_1_24' title="bbox 177 2287 1141 2364; baseline 0.003 -20"><span class='ocrx_word' id='word_1_187' title='bbox 177 2287 245 2357; x_wconf 72' lang='lat' dir='ltr'><strong>lam,</strong></span> <span class='ocrx_word' id='word_1_188' title='bbox 254 2289 291 2346; x_wconf 94' lang='lat' dir='ltr'><strong>ob</strong></span> <span class='ocrx_word' id='word_1_189' title='bbox 303 2289 372 2344; x_wconf 89' lang='lat' dir='ltr'><strong>iram</strong></span> <span class='ocrx_word' id='word_1_190' title='bbox 382 2289 523 2345; x_wconf 81' lang='lat' dir='ltr'><strong>interlecti</strong></span> <span class='ocrx_word' id='word_1_191' title='bbox 533 2289 568 2345; x_wconf 92' lang='lat' dir='ltr'><strong>ab</strong></span> <span class='ocrx_word' id='word_1_192' title='bbox 579 2308 614 2346; x_wconf 94' lang='lat' dir='ltr'><strong>eo</strong></span> <span class='ocrx_word' id='word_1_193' title='bbox 622 2290 739 2360; x_wconf 90' lang='lat' dir='ltr'><strong>domini,</strong></span> <span class='ocrx_word' id='word_1_194' title='bbox 748 2290 941 2356; x_wconf 87' lang='lat' dir='ltr'><strong>obtruncavit;</strong></span> <span class='ocrx_word' id='word_1_195' title='bbox 956 2292 1141 2364; x_wconf 88' lang='lat' dir='ltr'><strong>comprehen-</strong></span> 
     </span>
     <span class='ocr_line' id='line_1_25' title="bbox 177 2366 1139 2442; baseline 0.004 -22"><span class='ocrx_word' id='word_1_196' title='bbox 177 2384 281 2438; x_wconf 89' lang='lat' dir='ltr'><strong>susque</strong></span> <span class='ocrx_word' id='word_1_197' title='bbox 296 2366 332 2420; x_wconf 92' lang='lat' dir='ltr'><strong>ab</strong></span> <span class='ocrx_word' id='word_1_198' title='bbox 346 2366 603 2436; x_wconf 86' lang='lat' dir='ltr'><strong>circumstantibus,</strong></span> <span class='ocrx_word' id='word_1_199' title='bbox 619 2367 694 2438; x_wconf 85' lang='lat' dir='ltr'><strong>haud</strong></span> <span class='ocrx_word' id='word_1_200' title='bbox 704 2367 759 2424; x_wconf 92' lang='lat' dir='ltr'><strong>alio</strong></span> <span class='ocrx_word' id='word_1_201' title='bbox 769 2368 852 2442; x_wconf 73' lang='lat' dir='ltr'><strong>quim</strong></span> <span class='ocrx_word' id='word_1_202' title='bbox 865 2368 888 2423; x_wconf 93' lang='lat' dir='ltr'><strong>si</strong></span> <span class='ocrx_word' id='word_1_203' title='bbox 900 2368 1034 2423; x_wconf 87' lang='lat' dir='ltr'><strong>evasisset</strong></span> <span class='ocrx_word' id='word_1_204' title='bbox 1048 2368 1139 2441; x_wconf 88' lang='lat' dir='ltr'><strong>vultu,</strong></span> 
     </span>
     <span class='ocr_line' id='line_1_26' title="bbox 178 2443 1175 2517; baseline 0.002 -19"><span class='ocrx_word' id='word_1_205' title='bbox 178 2443 324 2498; x_wconf 90' lang='lat' dir='ltr'><strong>tormentis</strong></span> <span class='ocrx_word' id='word_1_206' title='bbox 338 2462 448 2517; x_wconf 89' lang='lat' dir='ltr'><strong>quoque</strong></span> <span class='ocrx_word' id='word_1_207' title='bbox 462 2463 548 2516; x_wconf 89' lang='lat' dir='ltr'><strong>quum</strong></span> <span class='ocrx_word' id='word_1_208' title='bbox 572 2443 754 2512; x_wconf 88' lang='lat' dir='ltr'><strong>laceraretur,</strong></span> <span class='ocrx_word' id='word_1_209' title='bbox 776 2464 810 2502; x_wconf 92' lang='lat' dir='ltr'><strong>eo</strong></span> <span class='ocrx_word' id='word_1_210' title='bbox 832 2445 884 2502; x_wconf 85' lang='lat' dir='ltr'><strong>luit</strong></span> <span class='ocrx_word' id='word_1_211' title='bbox 899 2446 996 2502; x_wconf 88' lang='lat' dir='ltr'><strong>habitu</strong></span> <span class='ocrx_word' id='word_1_212' title='bbox 1009 2446 1076 2517; x_wconf 80' lang='lat' dir='ltr'><strong>oria,</strong></span> <span class='ocrx_word' id='word_1_213' title='bbox 1097 2457 1175 2514; x_wconf 79' lang='lat' dir='ltr'><strong>ut,s⁵</strong></span> 
     </span>
     <span class='ocr_line' id='line_1_27' title="bbox 179 2521 1137 2598; baseline 0.006 -23"><span class='ocrx_word' id='word_1_214' title='bbox 179 2531 329 2594; x_wconf 87' lang='lat' dir='ltr'><strong>superante</strong></span> <span class='ocrx_word' id='word_1_215' title='bbox 344 2521 442 2578; x_wconf 79' lang='lat' dir='ltr'><strong>laeriria</strong></span> <span class='ocrx_word' id='word_1_216' title='bbox 456 2521 575 2587; x_wconf 88' lang='lat' dir='ltr'><strong>dolores,</strong></span> <span class='ocrx_word' id='word_1_217' title='bbox 587 2523 706 2579; x_wconf 89' lang='lat' dir='ltr'><strong>ridentis</strong></span> <span class='ocrx_word' id='word_1_218' title='bbox 728 2523 814 2579; x_wconf 91' lang='lat' dir='ltr'><strong>etiam</strong></span> <span class='ocrx_word' id='word_1_219' title='bbox 839 2524 963 2598; x_wconf 86' lang='lat' dir='ltr'><strong>speciem</strong></span> <span class='ocrx_word' id='word_1_220' title='bbox 978 2524 1137 2597; x_wconf 73' lang='lat' dir='ltr'><strong>prebuerit.</strong></span> 
     </span>
     <span class='ocr_line' id='line_1_28' title="bbox 178 2597 1137 2676; baseline 0.005 -23"><span class='ocrx_word' id='word_1_221' title='bbox 178 2597 252 2654; x_wconf 91' lang='lat' dir='ltr'><strong>Cum</strong></span> <span class='ocrx_word' id='word_1_222' title='bbox 269 2599 323 2654; x_wconf 90' lang='lat' dir='ltr'><strong>boc</strong></span> <span class='ocrx_word' id='word_1_223' title='bbox 338 2599 527 2672; x_wconf 86' lang='lat' dir='ltr'><strong>Hasdrubale,</strong></span> <span class='ocrx_word' id='word_1_224' title='bbox 542 2601 608 2674; x_wconf 89' lang='lat' dir='ltr'><strong>quia</strong></span> <span class='ocrx_word' id='word_1_225' title='bbox 632 2601 710 2656; x_wconf 76' lang='lat' dir='ltr'><strong>mirae</strong></span> <span class='ocrx_word' id='word_1_226' title='bbox 735 2601 802 2657; x_wconf 90' lang='lat' dir='ltr'><strong>artis</strong></span> <span class='ocrx_word' id='word_1_227' title='bbox 826 2601 855 2656; x_wconf 93' lang='lat' dir='ltr'><strong>in</strong></span> <span class='ocrx_word' id='word_1_228' title='bbox 871 2599 1055 2657; x_wconf 89' lang='lat' dir='ltr'><strong>sollicitandis</strong></span> <span class='ocrx_word' id='word_1_229' title='bbox 1069 2619 1137 2676; x_wconf 84' lang='lat' dir='ltr'><strong>gen-</strong></span> 
     </span>
     <span class='ocr_line' id='line_1_29' title="bbox 177 2675 1139 2753; baseline 0.003 -20"><span class='ocrx_word' id='word_1_230' title='bbox 177 2676 262 2742; x_wconf 90' lang='lat' dir='ltr'><strong>tibus,</strong></span> <span class='ocrx_word' id='word_1_231' title='bbox 288 2675 460 2751; x_wconf 86' lang='lat' dir='ltr'><strong>imperioque</strong></span> <span class='ocrx_word' id='word_1_232' title='bbox 479 2678 634 2753; x_wconf 85' lang='lat' dir='ltr'><strong>jungendis</strong></span> <span class='ocrx_word' id='word_1_233' title='bbox 656 2697 707 2735; x_wconf 92' lang='lat' dir='ltr'><strong>suo</strong></span> <span class='ocrx_word' id='word_1_234' title='bbox 730 2679 830 2750; x_wconf 87' lang='lat' dir='ltr'><strong>suerat,</strong></span> <span class='ocrx_word' id='word_1_235' title='bbox 845 2678 936 2734; x_wconf 86' lang='lat' dir='ltr'><strong>soedus</strong></span> <span class='ocrx_word' id='word_1_236' title='bbox 957 2690 1139 2736; x_wconf 87' lang='lat' dir='ltr'><strong>renovaverat</strong></span> 
     </span>
     <span class='ocr_line' id='line_1_30' title="bbox 177 2755 1138 2830; baseline 0.003 -20"><span class='ocrx_word' id='word_1_237' title='bbox 177 2755 297 2830; x_wconf 85' lang='lat' dir='ltr'><strong>populus</strong></span> <span class='ocrx_word' id='word_1_238' title='bbox 319 2755 479 2826; x_wconf 88' lang='lat' dir='ltr'><strong>Romanus,</strong></span> <span class='ocrx_word' id='word_1_239' title='bbox 507 2756 623 2812; x_wconf 87' lang='lat' dir='ltr'><strong>utfinis</strong></span> <span class='ocrx_word' id='word_1_240' title='bbox 646 2757 792 2830; x_wconf 87' lang='lat' dir='ltr'><strong>utriusque</strong></span> <span class='ocrx_word' id='word_1_241' title='bbox 816 2756 926 2830; x_wconf 86' lang='lat' dir='ltr'><strong>imperii</strong></span> <span class='ocrx_word' id='word_1_242' title='bbox 947 2768 1023 2812; x_wconf 85' lang='lat' dir='ltr'><strong>esset</strong></span> <span class='ocrx_word' id='word_1_243' title='bbox 1045 2757 1138 2814; x_wconf 88' lang='lat' dir='ltr'><strong>amnis</strong></span> 
     </span>
     <span class='ocr_line' id='line_1_31' title="bbox 177 2823 1221 2930; baseline 0.005 -42"><span class='ocrx_word' id='word_1_244' title='bbox 177 2831 287 2902; x_wconf 89' lang='lat' dir='ltr'><strong>lberus,</strong></span> <span class='ocrx_word' id='word_1_245' title='bbox 303 2834 535 2907; x_wconf 82' lang='lat' dir='ltr'><strong>Saguntinisque,</strong></span> <span class='ocrx_word' id='word_1_246' title='bbox 550 2834 651 2890; x_wconf 89' lang='lat' dir='ltr'><strong>mediis</strong></span> <span class='ocrx_word' id='word_1_247' title='bbox 672 2835 745 2891; x_wconf 87' lang='lat' dir='ltr'><strong>inter</strong></span> <span class='ocrx_word' id='word_1_248' title='bbox 760 2835 878 2909; x_wconf 87' lang='lat' dir='ltr'><strong>imperia</strong></span> <span class='ocrx_word' id='word_1_249' title='bbox 890 2833 1011 2890; x_wconf 86' lang='lat' dir='ltr'><strong>duorum</strong></span> <span class='ocrx_word' id='word_1_250' title='bbox 1024 2834 1173 2910; x_wconf 81' lang='lat' dir='ltr'><strong>populo-as</strong></span> <span class='ocrx_word' id='word_1_251' title='bbox 1202 2823 1221 2930; x_wconf 64' lang='lat' dir='ltr'>J</span> 
     </span>
     <span class='ocr_line' id='line_1_32' title="bbox 176 2911 1204 2989; baseline -0.002 -23"><span class='ocrx_word' id='word_1_252' title='bbox 176 2928 250 2977; x_wconf 91' lang='lat' dir='ltr'><strong>rum,</strong></span> <span class='ocrx_word' id='word_1_253' title='bbox 264 2911 378 2968; x_wconf 80' lang='lat' dir='ltr'><strong>libertas</strong></span> <span class='ocrx_word' id='word_1_254' title='bbox 392 2922 557 2967; x_wconf 80' lang='lat' dir='ltr'><strong>servaretur.</strong></span> <span class='ocrx_word' id='word_1_255' title='bbox 572 2935 589 2962; x_wconf 65' lang='lat' dir='ltr'>v</span> <span class='ocrx_word' id='word_1_256' title='bbox 1198 2942 1204 2989; x_wconf 52' lang='grc' dir='ltr'><strong>ξ</strong></span> 
     </span>
    </p>
   </div>
   <div class='ocr_carea' id='block_1_5' title="bbox 174 3066 1237 3767">
    <p class='ocr_par' dir='ltr' id='par_1_7' title="bbox 174 3066 1237 3767">
     <span class='ocr_line' id='line_1_33' title="bbox 217 3066 1139 3145; baseline 0.004 -23"><span class='ocrx_word' id='word_1_257' title='bbox 217 3066 273 3122; x_wconf 89' lang='grc' dir='ltr'><strong>ΙΙΙ.</strong></span> <span class='ocrx_word' id='word_1_258' title='bbox 296 3067 329 3124; x_wconf 92' lang='lat' dir='ltr'><strong>ln</strong></span> <span class='ocrx_word' id='word_1_259' title='bbox 346 3067 533 3124; x_wconf 88' lang='lat' dir='ltr'><strong>Hasdrubalis</strong></span> <span class='ocrx_word' id='word_1_260' title='bbox 547 3067 651 3135; x_wconf 92' lang='lat' dir='ltr'><strong>locum,</strong></span> <span class='ocrx_word' id='word_1_261' title='bbox 666 3068 742 3125; x_wconf 90' lang='lat' dir='ltr'><strong>haud</strong></span> <span class='ocrx_word' id='word_1_262' title='bbox 754 3069 841 3125; x_wconf 91' lang='lat' dir='ltr'><strong>dubia</strong></span> <span class='ocrx_word' id='word_1_263' title='bbox 854 3088 900 3125; x_wconf 87' lang='lat' dir='ltr'><strong>res</strong></span> <span class='ocrx_word' id='word_1_264' title='bbox 911 3068 972 3136; x_wconf 88' lang='lat' dir='ltr'><strong>luit,</strong></span> <span class='ocrx_word' id='word_1_265' title='bbox 986 3069 1054 3143; x_wconf 90' lang='lat' dir='ltr'><strong>quin</strong></span> <span class='ocrx_word' id='word_1_266' title='bbox 1069 3087 1139 3145; x_wconf 74' lang='lat' dir='ltr'><strong>pras·</strong></span> 
     </span>
     <span class='ocr_line' id='line_1_34' title="bbox 175 3144 1137 3221; baseline 0.004 -21"><span class='ocrx_word' id='word_1_267' title='bbox 175 3144 329 3217; x_wconf 85' lang='lat' dir='ltr'><strong>rogativam</strong></span> <span class='ocrx_word' id='word_1_268' title='bbox 355 3145 515 3216; x_wconf 89' lang='lat' dir='ltr'><strong>militarem,</strong></span> <span class='ocrx_word' id='word_1_269' title='bbox 541 3147 598 3219; x_wconf 80' lang='lat' dir='ltr'><strong>qual</strong></span> <span class='ocrx_word' id='word_1_270' title='bbox 624 3147 766 3221; x_wconf 82' lang='lat' dir='ltr'><strong>extemplo</strong></span> <span class='ocrx_word' id='word_1_271' title='bbox 790 3147 903 3221; x_wconf 87' lang='lat' dir='ltr'><strong>juvenis</strong></span> <span class='ocrx_word' id='word_1_272' title='bbox 933 3147 1079 3218; x_wconf 90' lang='lat' dir='ltr'><strong>Hannibal</strong></span> <span class='ocrx_word' id='word_1_273' title='bbox 1107 3148 1137 3204; x_wconf 92' lang='lat' dir='ltr'><strong>in</strong></span> 
     </span>
     <span class='ocr_line' id='line_1_35' title="bbox 175 3221 1137 3300; baseline 0.006 -25"><span class='ocrx_word' id='word_1_274' title='bbox 175 3221 336 3296; x_wconf 84' lang='lat' dir='ltr'><strong>praetorium</strong></span> <span class='ocrx_word' id='word_1_275' title='bbox 358 3222 478 3289; x_wconf 88' lang='lat' dir='ltr'><strong>delatus,</strong></span> <span class='ocrx_word' id='word_1_276' title='bbox 500 3223 706 3299; x_wconf 90' lang='lat' dir='ltr'><strong>imperatorque</strong></span> <span class='ocrx_word' id='word_1_277' title='bbox 729 3225 837 3300; x_wconf 87' lang='lat' dir='ltr'><strong>ingenti</strong></span> <span class='ocrx_word' id='word_1_278' title='bbox 858 3225 985 3280; x_wconf 91' lang='lat' dir='ltr'><strong>omnium</strong></span> <span class='ocrx_word' id='word_1_279' title='bbox 1012 3225 1137 3282; x_wconf 87' lang='lat' dir='ltr'><strong>clamore</strong></span> 
     </span>
     <span class='ocr_line' id='line_1_36' title="bbox 176 3300 1172 3377; baseline 0.01 -23"><span class='ocrx_word' id='word_1_280' title='bbox 176 3308 259 3372; x_wconf 89' lang='lat' dir='ltr'><strong>atque</strong></span> <span class='ocrx_word' id='word_1_281' title='bbox 273 3317 391 3354; x_wconf 85' lang='lat' dir='ltr'><strong>assensu</strong></span> <span class='ocrx_word' id='word_1_282' title='bbox 405 3300 560 3374; x_wconf 88' lang='lat' dir='ltr'><strong>appellatus</strong></span> <span class='ocrx_word' id='word_1_283' title='bbox 573 3313 641 3370; x_wconf 89' lang='lat' dir='ltr'><strong>erat,</strong></span> <span class='ocrx_word' id='word_1_284' title='bbox 667 3302 744 3359; x_wconf 85' lang='lat' dir='ltr'><strong>saror</strong></span> <span class='ocrx_word' id='word_1_285' title='bbox 764 3303 849 3358; x_wconf 84' lang='lat' dir='ltr'><strong>etiam</strong></span> <span class='ocrx_word' id='word_1_286' title='bbox 863 3303 953 3377; x_wconf 86' lang='lat' dir='ltr'><strong>plebis</strong></span> <span class='ocrx_word' id='word_1_287' title='bbox 964 3314 1136 3376; x_wconf 87' lang='lat' dir='ltr'><strong>sequeretur.</strong></span> <span class='ocrx_word' id='word_1_288' title='bbox 1146 3325 1172 3364; x_wconf 78' lang='lat' dir='ltr'><strong>aa</strong></span> 
     </span>
     <span class='ocr_line' id='line_1_37' title="bbox 177 3374 1237 3483; baseline 0.005 -51"><span class='ocrx_word' id='word_1_289' title='bbox 177 3374 265 3432; x_wconf 89' lang='lat' dir='ltr'><strong>Hunc</strong></span> <span class='ocrx_word' id='word_1_290' title='bbox 280 3375 394 3432; x_wconf 78' lang='lat' dir='ltr'><strong>vixdum</strong></span> <span class='ocrx_word' id='word_1_291' title='bbox 410 3379 543 3450; x_wconf 88' lang='lat' dir='ltr'><strong>puberem</strong></span> <span class='ocrx_word' id='word_1_292' title='bbox 560 3379 721 3436; x_wconf 89' lang='lat' dir='ltr'><strong>Hasdrubal</strong></span> <span class='ocrx_word' id='word_1_293' title='bbox 745 3380 833 3437; x_wconf 89' lang='lat' dir='ltr'><strong>literis</strong></span> <span class='ocrx_word' id='word_1_294' title='bbox 857 3381 892 3437; x_wconf 89' lang='lat' dir='ltr'><strong>ad</strong></span> <span class='ocrx_word' id='word_1_295' title='bbox 907 3399 936 3436; x_wconf 92' lang='lat' dir='ltr'><strong>se</strong></span> <span class='ocrx_word' id='word_1_296' title='bbox 951 3381 1136 3437; x_wconf 86' lang='lat' dir='ltr'><strong>arcessierat:</strong></span> <span class='ocrx_word' id='word_1_297' title='bbox 1209 3409 1237 3483; x_wconf 39' lang='lat' dir='ltr'><strong>q</strong></span> 
     </span>
     <span class='ocr_line' id='line_1_38' title="bbox 175 3444 1203 3530; baseline 0.008 -23"><span class='ocrx_word' id='word_1_298' title='bbox 175 3463 294 3527; x_wconf 86' lang='lat' dir='ltr'><strong>actaque</strong></span> <span class='ocrx_word' id='word_1_299' title='bbox 309 3471 354 3509; x_wconf 88' lang='lat' dir='ltr'><strong>res</strong></span> <span class='ocrx_word' id='word_1_300' title='bbox 373 3455 458 3510; x_wconf 91' lang='lat' dir='ltr'><strong>etiarn</strong></span> <span class='ocrx_word' id='word_1_301' title='bbox 474 3455 502 3510; x_wconf 94' lang='lat' dir='ltr'><strong>in</strong></span> <span class='ocrx_word' id='word_1_302' title='bbox 522 3469 622 3513; x_wconf 89' lang='lat' dir='ltr'><strong>senatu</strong></span> <span class='ocrx_word' id='word_1_303' title='bbox 644 3457 744 3530; x_wconf 82' lang='lat' dir='ltr'><strong>luerat,</strong></span> <span class='ocrx_word' id='word_1_304' title='bbox 771 3458 902 3514; x_wconf 90' lang='lat' dir='ltr'><strong>Barcinis</strong></span> <span class='ocrx_word' id='word_1_305' title='bbox 924 3459 1091 3524; x_wconf 87' lang='lat' dir='ltr'><strong>nitentibus,</strong></span> <span class='ocrx_word' id='word_1_306' title='bbox 1107 3469 1138 3515; x_wconf 90' lang='lat' dir='ltr'><strong>ut</strong></span> <span class='ocrx_word' id='word_1_307' title='bbox 1184 3444 1203 3488; x_wconf 72' lang='lat' dir='ltr'><em>s</em></span> 
     </span>
     <span class='ocr_line' id='line_1_39' title="bbox 175 3532 1138 3610; baseline 0.005 -23"><span class='ocrx_word' id='word_1_308' title='bbox 175 3548 353 3597; x_wconf 77' lang='lat' dir='ltr'><strong>assuesceret</strong></span> <span class='ocrx_word' id='word_1_309' title='bbox 367 3532 474 3588; x_wconf 84' lang='lat' dir='ltr'><strong>militiae</strong></span> <span class='ocrx_word' id='word_1_310' title='bbox 490 3533 645 3605; x_wconf 89' lang='lat' dir='ltr'><strong>Hannibal,</strong></span> <span class='ocrx_word' id='word_1_311' title='bbox 667 3546 750 3609; x_wconf 83' lang='lat' dir='ltr'><strong>atq-ue</strong></span> <span class='ocrx_word' id='word_1_312' title='bbox 772 3535 801 3592; x_wconf 93' lang='lat' dir='ltr'><strong>in</strong></span> <span class='ocrx_word' id='word_1_313' title='bbox 823 3549 956 3610; x_wconf 86' lang='lat' dir='ltr'><strong>paternas</strong></span> <span class='ocrx_word' id='word_1_314' title='bbox 968 3537 1138 3592; x_wconf 89' lang='lat' dir='ltr'><strong>succederet</strong></span> 
     </span>
     <span class='ocr_line' id='line_1_40' title="bbox 174 3609 1137 3688; baseline 0.005 -22"><span class='ocrx_word' id='word_1_315' title='bbox 174 3627 251 3684; x_wconf 87' lang='lat' dir='ltr'><strong>opes.</strong></span> <span class='ocrx_word' id='word_1_316' title='bbox 294 3609 410 3676; x_wconf 91' lang='lat' dir='ltr'><strong>Hanno,</strong></span> <span class='ocrx_word' id='word_1_317' title='bbox 425 3610 540 3666; x_wconf 86' lang='lat' dir='ltr'><strong>alterius</strong></span> <span class='ocrx_word' id='word_1_318' title='bbox 554 3611 685 3669; x_wconf 91' lang='lat' dir='ltr'><strong>factionis</strong></span> <span class='ocrx_word' id='word_1_319' title='bbox 701 3614 843 3688; x_wconf 85' lang='lat' dir='ltr'><strong>princeps,</strong></span> <span class='ocrx_word' id='word_1_320' title='bbox 864 3614 933 3670; x_wconf 87' lang='lat' dir='ltr'><strong>“Et</strong></span> <span class='ocrx_word' id='word_1_321' title='bbox 947 3633 1058 3688; x_wconf 82' lang='lat' dir='ltr'><strong>aequum</strong></span> <span class='ocrx_word' id='word_1_322' title='bbox 1073 3633 1137 3688; x_wconf 89' lang='lat' dir='ltr'><strong>pos·</strong></span> 
     </span>
     <span class='ocr_line' id='line_1_41' title="bbox 174 3687 1172 3767; baseline 0.005 -24"><span class='ocrx_word' id='word_1_323' title='bbox 174 3687 292 3744; x_wconf 86' lang='lat' dir='ltr'><strong>“tulare</strong></span> <span class='ocrx_word' id='word_1_324' title='bbox 308 3687 446 3756; x_wconf 87' lang='lat' dir='ltr'><strong>videtur,”</strong></span> <span class='ocrx_word' id='word_1_325' title='bbox 475 3688 576 3761; x_wconf 88' lang='lat' dir='ltr'><strong>inquit,</strong></span> <span class='ocrx_word' id='word_1_326' title='bbox 603 3691 813 3758; x_wconf 86' lang='lat' dir='ltr'><strong>“Hasdrubal;</strong></span> <span class='ocrx_word' id='word_1_327' title='bbox 844 3703 874 3748; x_wconf 90' lang='lat' dir='ltr'><strong>et</strong></span> <span class='ocrx_word' id='word_1_328' title='bbox 892 3711 947 3767; x_wconf 88' lang='lat' dir='ltr'><strong>ego</strong></span> <span class='ocrx_word' id='word_1_329' title='bbox 967 3704 1172 3756; x_wconf 74' lang='lat' dir='ltr'><strong>tamennonro</strong></span> 
     </span>
    </p>
   </div>
   <div class='ocr_carea' id='block_1_6' title="bbox 83 3765 1137 3854">
    <p class='ocr_par' dir='ltr' id='par_1_8' title="bbox 83 3765 1137 3854">
     <span class='ocr_line' id='line_1_42' title="bbox 83 3765 1137 3854; baseline 0.008 -36"><span class='ocrx_word' id='word_1_330' title='bbox 83 3815 86 3818; x_wconf 87' lang='lat'>.</span> <span class='ocrx_word' id='word_1_331' title='bbox 174 3766 316 3832; x_wconf 82' lang='lat' dir='ltr'><strong>“censeo,</strong></span> <span class='ocrx_word' id='word_1_332' title='bbox 331 3766 406 3838; x_wconf 91' lang='lat' dir='ltr'><strong>quod</strong></span> <span class='ocrx_word' id='word_1_333' title='bbox 420 3765 499 3840; x_wconf 89' lang='lat' dir='ltr'><strong>petit,</strong></span> <span class='ocrx_word' id='word_1_334' title='bbox 515 3766 724 3824; x_wconf 86' lang='lat' dir='ltr'><strong>tribuendum.”</strong></span> <span class='ocrx_word' id='word_1_335' title='bbox 765 3768 866 3829; x_wconf 78' lang='lat' dir='ltr'><strong>Quum</strong></span> <span class='ocrx_word' id='word_1_336' title='bbox 877 3770 1065 3854; x_wconf 85' lang='lat' dir='ltr'><strong>admiratione</strong></span> <span class='ocrx_word' id='word_1_337' title='bbox 1079 3780 1137 3826; x_wconf 91' lang='lat' dir='ltr'><strong>tam</strong></span> 
     </span>
    </p>
   </div>
   <div class='ocr_carea' id='block_1_7' title="bbox 0 0 1320 4228">
    <p class='ocr_par' dir='ltr' id='par_1_9' title="bbox 0 0 1320 4228">
     <span class='ocr_line' id='line_1_43' title="bbox 0 0 1320 4228; baseline 0 1"><span class='ocrx_word' id='word_1_338' title='bbox 0 0 1320 4228; x_wconf 95' lang='lat' dir='ltr'><strong> </strong></span> 
     </span>
    </p>
   </div>
  </div>
 </body>
</html>
