2620 4220
35 303 122 358 9⁶!

16 361 22 370 .

125 47 570 306 f

540 317 610 369 'rm
627 315 711 369 Ll’v'Il

278 479 308 516 .c
322 459 358 516 ad
372 459 557 522 simulacrum
571 479 684 536 pugna.
725 461 812 536 Regii
824 461 944 537 juvenes
967 463 1057 521 duces
1070 462 1101 522 ei

216 558 248 596 ,ο
266 538 417 596 certamini
437 539 518 596 dati:
552 537 687 595 caterdm
715 559 772 597 uon
804 540 899 614 imago
913 541 966 598 suit
985 561 1099 616 pugnae,

155 629 198 687 Δ,
218 625 360 689 tamquam
375 616 411 672 de
424 635 514 691 regno
527 615 721 684 dimicaretur,
734 618 773 676 ita
791 614 1007 684 concurrerunt,
1029 620 1101 676 mul·

136 702 221 766 taque
234 693 352 750 vulnera
365 695 484 750 sudibus
498 694 588 763 lacta3
620 713 685 761 nec,
700 707 800 770 praeter
815 695 929 763 serrum,
944 697 1101 770 quidquam

135 769 226 826 deluit
239 772 275 828 ad
287 771 392 846 justam
407 772 472 828 belli
487 773 621 846 speciem.
665 772 789 842 Persea,
803 792 866 846 quar
884 775 938 830 sub
953 774 1102 831 Demetrio
1123 785 1138 823 ⁵

134 859 205 918 erat,
219 848 305 924 longe
320 851 446 924 superior
468 850 528 906 luit.
570 849 605 906 Id
626 849 702 924 egre
723 851 847 925 patiente
875 851 986 922 Perseo,
1011 851 1101 908 lauri

134 927 290 1000 prudentes
304 927 389 984 amici
402 930 474 1004 ejus,
488 947 607 1002 eamque
629 947 689 985 rem
704 928 793 1004 ipsum
807 929 905 986 dicere
918 929 1101 1003 praebituram

135 1021 253 1062 causam
267 1005 438 1062 criminandi
450 1006 572 1081 juvenis.
928 1016 932 1020 ’
1102 1017 1105 1022 ’

175 1161 245 1218 Vll.
276 1161 446 1219 convivium
461 1181 495 1220 eo
509 1162 555 1220 die
569 1161 718 1229 sodalium,
742 1162 791 1236 qui
805 1161 889 1218 simul
900 1162 1101 1229 decurrerant,

136 1249 255 1312 uterque
270 1240 378 1308 habuit,
393 1259 479 1314 quum
495 1252 610 1297 vocatus
623 1241 659 1296 ad
680 1257 793 1296 coenam
816 1241 852 1296 ab
874 1241 1020 1296 Demetrio
1036 1241 1102 1297 Per·
1114 1255 1138 1293 ro

135 1335 202 1372 aeus
216 1320 357 1393 negasset.
398 1318 486 1376 Festo
505 1319 552 1374 die
572 1319 700 1374 invitatio
720 1318 846 1392 benigna
865 1333 894 1374 et
915 1319 1042 1375 hilaritas
1057 1319 1103 1394 ju·

136 1396 244 1452 venalis
255 1408 386 1470 utrosque
400 1397 429 1452 in
445 1397 541 1452 viuum
563 1397 654 1453 traxit
696 1396 936 1452 Commemoratio
956 1397 996 1452 ibi
1010 1409 1103 1453 certa·

135 1473 223 1528 minis
237 1474 350 1543 ludicri,
364 1485 394 1530 et
404 1475 503 1549 jocosa
517 1475 594 1531 dicta
615 1474 645 1530 in
669 1474 855 1546 adversarios,
877 1475 916 1530 ita
937 1486 1018 1532 utne
1033 1475 1102 1548 ipsis

135 1551 250 1624 quidem
275 1552 397 1608 ducibus
417 1551 808 1626 abstineretur,jactabantur.
852 1553 897 1608 Ad
920 1553 971 1608 has
993 1553 1102 1626 excipi·

135 1629 225 1684 endas
240 1648 334 1694 voces,
349 1630 508 1703 speculator
528 1649 564 1686 ex
578 1630 705 1685 convivis
720 1629 814 1685 Persei
829 1630 941 1698 missus,
957 1647 1043 1703 quum
1060 1631 1102 1686 in·
1114 1643 1139 1683 1⁵

135 1707 245 1763 cautior
265 1707 470 1773 obversaretur,
498 1717 636 1781 exceptus
655 1725 673 1762 a
700 1706 853 1782 juvenibus
884 1707 955 1763 sorte
976 1709 1103 1766 triclinio

135 1785 267 1859 egressis,
289 1785 361 1842 male*
383 1786 531 1842 mulcatur.
587 1785 683 1860 Hujus
710 1785 751 1842 rei
783 1785 900 1859 ignarus
926 1786 1101 1852 Demetritrs,

136 1862 248 1924 ⁶·an
276 1863 490 1934 comissatum‚”
519 1863 619 1937 inquit,
640 1866 658 1897 “
670 1863 706 1918 ad
722 1863 835 1918 fratrem
850 1863 946 1930 imus;
980 1876 1009 1919 et
1030 1865 1101 1920 iram

136 1944 155 1977 “
167 1943 238 2017 ejus,
254 1942 276 1998 si
291 1961 347 2016 qua
360 1961 395 1998 ex
409 1943 566 1998 certamine
581 1941 694 2007 residet,
709 1941 891 2015 simplicitate
913 1953 941 1997 et
960 1941 1102 1998 hilaritate

137 2023 259 2077 “nostri
288 2020 463 2076 lenimusl”
503 2019 615 2076 Omnes
638 2037 668 2075 se
690 2019 731 2075 ire
751 2019 977 2085 conclamarunt,
1001 2032 1140 2090 praetereo

136 2118 195 2170 eos,
209 2099 257 2172 qui
272 2099 456 2172 speculatoris
480 2097 515 2154 ab
539 2117 569 2154 se
584 2097 685 2172 pulsati
710 2109 878 2170 presentem
894 2097 1029 2153 ultionem
1045 2117 1103 2154 me·

136 2179 264 2234 tuebant.
284 2176 386 2237 Quum
397 2195 447 2232 eos
457 2195 567 2250 quoque
582 2175 745 2232 Demetrius
759 2178 891 2240 traheret,
908 2175 1011 2232 serrum
1024 2189 1102 2232 reste

111 2294 114 2304 .
137 2256 317 2320 abdiderunt,
331 2275 387 2329 quo
400 2255 538 2320 satutari,
561 2253 584 2310 si
605 2273 661 2327 qua
682 2254 724 2309 vis
743 2253 833 2320 lieret,
853 2265 978 2328 possent.
1020 2254 1102 2310 Nihil

135 2333 241 2389 occulti
262 2351 324 2388 esse
345 2333 375 2388 in
397 2332 529 2387 intestina
550 2332 693 2388 discordia
714 2343 827 2406 potest:
862 2345 980 2405 utraque
1001 2332 1102 2388 domus

123 2411 344 2485 *speculatorum
359 2420 388 2465 et
401 2409 575 2482 proditorum
593 2409 678 2484 plena
692 2422 760 2466 erac
803 2409 993 2470 Praecucurrit
1014 2411 1101 2467 index
1112 2421 1140 2460 2⁵

137 2489 172 2544 ad
188 2488 301 2558 Persea,
316 2487 389 2544 serro
410 2487 573 2544 succinctos
587 2488 723 2544 nuntians
744 2507 811 2544 cum
837 2487 983 2547 Demetrio
1003 2501 1104 2564 quatu·

136 2587 167 2624 or
192 2567 389 2623 adolescentes
413 2565 517 2623 venire.
560 2565 621 2622 Etsi
635 2585 723 2622 causa
741 2566 893 2640 apparebat
909 2566 988 2640 (nam
1011 2568 1047 2622 al>
1067 2568 1103 2624 iis

136 2646 278 2721 pulsatum
294 2646 441 2702 convivam
457 2645 708 2720 suum-audierat),
734 2658 839 2710 tamen,
865 2645 1037 2700 infamandae
1061 2646 1103 2702 rei

136 2726 235 2796 causti,
247 2726 363 2800 januam
377 2724 501 2780 obserari
513 2722 613 2798 jubet;
644 2734 721 2779 etex
735 2734 814 2796 parte
833 2723 977 2796 superiore
988 2725 1102 2786 redium.

138 2804 281 2878 versisque
296 2804 324 2872 in
340 2803 413 2859 viam
438 2801 577 2871 fenestris,
599 2801 805 2871 comissatores,
829 2811 972 2874 tamquam
997 2803 1032 2857 ad
1048 2812 1140 2857 cae-so

137 2883 202 2938 dem
228 2902 307 2938 suam
332 2881 489 2944 venientes,
517 2880 595 2936 aditu
620 2878 834 2954 januaearcet.›
859 2879 1032 2944 Demetrius,
1054 2889 1104 2954 pe'r

137 2961 245 3027 vinum,
265 2959 339 3034 quiid
360 2959 569 3024 excluderetur,
590 2957 731 3032 paulisper
752 2955 932 3033 vociferatus,
954 2958 983 3013 in
1007 2959 1104 3014 convi-

136 3039 213 3096 vium
229 3040 310 3110 redit‚
325 3039 410 3096 totius
423 3037 464 3094 rei
479 3037 602 3112 ignarus.
1008 3067 1009 3074 κ

179 3195 264 3252 VIII.
299 3195 416 3254 Postero
441 3196 488 3253 dic
520 3195 649 3266 Perseus,
675 3191 760 3269 quam
787 3192 908 3268 primrim
931 3195 1104 3250 convenien-

139 3275 168 3332 di
185 3285 313 3350 potestas
334 3275 421 3348 patris
441 3275 502 3344 luit,
524 3274 632 3348 regiam
654 3273 809 3348 ingressus,
841 3273 1003 3346 perturbato
1025 3272 1140 3328 vutrua

140 3353 170 3410 in
199 3363 354 3426 conspectu
383 3353 470 3426 patris
498 3353 601 3409 tacitus
629 3351 727 3426 procul
757 3350 910 3406 constitrtz·
940 3351 987 3407 cui
1017 3369 1104 3425 qurum

140 3443 229 3522 pater,
244 3438 261 3466 ‘⁴
272 3431 371 3488 Sati'n'
387 3430 518 3486 salvael'’
545 3443 585 3502 et,
605 3434 764 3504 “quanam
785 3447 820 3484 ea
834 3429 968 3485 moestitia
982 3430 1103 3485 essetl'’

140 3521 328 3586 interrogaret
340 3529 418 3575 eum,
432 3513 450 3543 ‘⁴
463 3508 508 3565 De
523 3509 603 3566 lucro
616 3509 697 3573 tibi,’'
715 3507 815 3581 mquit,
836 3513 854 3541 “
868 3508 959 3563 vIvere
986 3523 1030 3562 me
1051 3507 1106 3563 sci·

140 3593 206 3646 “to.
248 3589 312 3644 Jam
336 3607 393 3644 non
414 3587 535 3644 occultis
559 3606 576 3642 a
598 3587 682 3643 fratre
706 3587 829 3660 petimur
847 3585 969 3642 insidiis.
1012 3584 1106 3641 Nocte

141 3669 236 3722 “cum
250 3667 364 3722 armatis
378 3667 492 3722 domum
517 3665 552 3719 ad
578 3664 806 3720 interficiendum
829 3664 995 3719 mevenit:
1029 3663 1141 3736 clap-rc

140 3746 264 3816 “sisque
285 3744 400 3814 loribus,
423 3743 560 3818 parietum
586 3742 717 3815 prasidio
740 3761 787 3797 me
808 3761 825 3797 a
846 3742 939 3798 surore
960 3741 1023 3815 ejus
1042 3759 1106 3796 sum
