2630 4228
519 413 626 464 LIBER
642 413 685 462 Vl.
702 426 764 462 car.
774 425 830 462 xrr.
1084 408 1148 467 -137

169 552 315 614 omnium
331 574 366 612 ex
381 555 511 612 Patribus
536 555 678 631 popularis
702 554 803 621 factus,
828 571 894 610 cum
914 545 1033 626 plebejis
1046 549 1148 623 magis-

189 635 308 690 tratibus
322 634 442 690 consilia
456 635 686 693 communicare:
708 631 887 690 criminando
901 630 1008 701 Patres,
1024 629 1150 684 allicien-

189 711 275 768 dead
301 731 331 768 se
351 711 473 786 plebem,
492 712 550 788 jam
572 712 651 777 aura,
675 729 734 768 non
758 709 886 777 consilio,
912 708 987 773 serti,
1013 707 1150 780 famaeque

190 808 301 864 magnae
326 789 409 846 malle
429 791 513 864 quarn
536 790 617 848 bouae
638 807 720 846 esse:
755 799 793 854 et,
821 806 878 844 non
900 797 1051 842 contentus
1071 803 1147 860 agra·

168 867 239 922 ariis
259 867 381 942 legibus,
408 887 471 941 quae
498 868 616 924 materia
644 885 755 940 semper
783 865 904 921 tribunis
928 863 1018 938 plebis
1038 863 1152 920 seditio·

190 963 258 1000 num
274 945 383 1010 suisset,
395 946 480 1022 lidcm
493 945 583 1002 moliri
595 945 698 1018 coepit:
720 955 739 980 “
749 944 872 1000 acriores
880 942 983 1017 quippe
995 944 1058 998 teris
1067 942 1150 998 alieni

191 1023 348 1080 “stimulos
362 1043 435 1089 esse,
450 1024 498 1098 qui
513 1043 570 1080 non
592 1033 747 1098 egestatem
763 1020 846 1077 modb
865 1032 948 1094 atquc
966 1020 1152 1096 ignominiam

191 1108 210 1136 “
220 1101 372 1171 minentur,
387 1103 436 1158 sed
451 1121 538 1160 nervo
552 1121 586 1157 ac
600 1101 722 1157 vinculis
736 1099 966 1174 corpusliborum
980 1099 1109 1154 territent
1120 1097 1153 1154 :'’

190 1189 219 1234 et
233 1189 292 1235 erat
307 1180 370 1246 aeris
385 1179 470 1236 alieni
485 1199 589 1255 magna
612 1179 663 1244 vis,
686 1198 716 1236 re
731 1177 948 1234 damnosissima
962 1176 1048 1232 etiam
1063 1177 1155 1233 diviti-

157 1255 253 1322 robus,
269 1257 436 1316 edificando
456 1269 610 1314 contracta.
653 1257 765 1313 Bellum
790 1257 882 1329 itaque
909 1255 1055 1326 Volscum,
1069 1273 1155 1330 grave

189 1352 239 1408 per
251 1353 293 1406 se,
307 1347 455 1394 oneratum
478 1335 645 1392 Latinorum
667 1346 750 1409 atque
776 1333 967 1390 Hernicorum
982 1333 1153 1400 desectione,

189 1411 357 1487 inspeciem
383 1433 477 1470 causae
497 1413 653 1488 jactatum„
667 1424 699 1478 ut
720 1412 808 1487 major
829 1422 952 1486 potestas
972 1423 1154 1484 quereretur.

190 1489 248 1545 Sed
269 1509 342 1547 nova
362 1492 481 1550 consilia
496 1491 598 1554 Manlii
613 1491 704 1566 magis
724 1489 886 1565 compulere
900 1500 1031 1545 senatum
1045 1490 1080 1544 ad
1096 1490 1156 1546 dic-

190 1577 308 1624 tatorem
335 1570 500 1626 creandum.
542 1569 664 1626 Crestus
691 1569 729 1625 A.
752 1568 903 1626 Cornelius
924 1568 1030 1624 Cossus
1051 1568 1155 1644 magis·

156 1654 262 1702 rutrum
276 1647 404 1721 equitum
418 1647 490 1704 dixit
503 1647 540 1708 Τ.
555 1646 710 1708 Quintium
725 1646 926 1722 Capitolinum.

229 1802 311 1860 XIV.
334 1803 463 1861 Dictator
477 1805 634 1862 exercitum
650 1804 679 1861 in
694 1803 802 1862 stativis
814 1803 940 1870 tenebat,
965 1803 1083 1860 minime
1103 1804 1155 1861 du-

189 1877 262 1946 bius,
279 1881 382 1938 bellum
398 1903 464 1939 cum
480 1884 524 1940 his
548 1883 658 1957 populis
672 1883 771 1939 Patres
784 1882 929 1958 jussuros3
963 1902 1050 1956 quum
1066 1883 1155 1957 major

189 1957 265 2014 domi
280 1973 376 2017 exorta
398 1961 485 2018 moles
507 1962 601 2036 coegit
614 1962 701 2017 acciri
724 1961 844 2018 Romam
866 1979 941 2032 eum,
963 1961 1102 2035 gliscente
1125 1961 1153 2016 iu

188 2035 251 2091 dies
259 2039 410 2111 seditione,
422 2057 505 2113 quam
517 2039 599 2096 solito
607 2039 699 2114 magis
710 2038 892 2095 metuendam
905 2050 1002 2094 auctor
1011 2039 1134 2095 faciebat
1146 2058 1153 2094 t

152 2133 179 2172 eo
189 2116 338 2172 nonenim
350 2117 408 2192 jam
422 2118 563 2177 orationes
577 2115 661 2173 modd
675 2117 716 2178 M.
729 2117 838 2185 Manlii,
848 2117 897 2172 sed
913 2116 996 2186 sacta,
1008 2115 1155 2190 popularia

191 2189 218 2246 'n
234 2193 369 2265 speciem,
385 2195 557 2252 tumultuosa
577 2195 687 2263 eadem,
709 2195 765 2268 qual
781 2205 875 2250 mente
890 2193 1000 2265 fierent,
1016 2195 1154 2251 intuenda

188 2281 278 2326 erant.
301 2269 515 2344 Centurionem‚
525 2273 648 2330 nobilem
662 2273 830 2329 militaribus
839 2272 930 2343 lactis,
938 2272 1097 2346 judicatum
1107 2291 1154 2346 pe-

189 2347 376 2422 cuniaequum
388 2350 455 2406 duci
465 2351 589 2420 vidisset,
601 2351 693 2407 medio
703 2351 761 2408 foro
770 2370 834 2407 cum
847 2351 961 2407 caterva
970 2354 1018 2406 sul
1029 2351 1154 2408 accurrit

187 2433 216 2478 et
226 2444 340 2482 manum
351 2427 465 2503 injecit:
482 2429 705 2503 vociferatusque
717 2429 752 2485 de
764 2429 893 2502 superbiai
907 2429 1032 2495 Panum,
1043 2447 1078 2484 ac
1089 2447 1153 2485 cru·

152 2501 303 2562 ocdelitate
318 2505 528 2576 soeneratorum,
543 2518 572 2562 et
593 2507 714 2563 miseriis
734 2508 834 2582 plebis,
852 2507 1001 2564 virtutibus
1024 2507 1086 2582 ejus
1101 2505 1154 2565 viri
1207 2547 1209 2562 .

188 2579 367 2656 fortunaque,
391 2583 498 2639 “Tum
529 2583 593 2640 verti
619 2587 700 2659 ego,”
726 2585 826 2658 inquit,
848 2585 1069 2658 “nequidquam
1098 2585 1153 2642 hac

187 2658 318 2736 ‘fdextra
345 2661 517 2736 Capitolium
543 2681 694 2736 arcemque
719 2663 895 2728 servaverim,
917 2663 940 2718 si
962 2663 1054 2718 civem
1076 2681 1154 2720 com·

187 2737 430 2814 “militonemque
456 2758 561 2806 meum,
584 2745 727 2814 tamquam
742 2740 831 2796 Gallis
853 2740 1006 2796 victoribus
1026 2750 1151 2814 captum,

187 2815 206 2848 l‘
218 2814 247 2870 in
262 2817 425 2873 servitutem
449 2835 482 2874 ac
497 2817 610 2874 vincula
631 2819 698 2874 duci
720 2819 859 2874 videam.''
915 2817 987 2874 Inde
1009 2837 1068 2874 rem
1091 2837 1153 2875 cre·

153 2891 270 2950 auditori
284 2894 378 2968 palem
393 2895 496 2970 populo
511 2895 601 2966 solvit,
615 2896 743 2970 libraque
757 2908 786 2954 et
800 2915 855 2952 aere
875 2896 1024 2953 liberatum
1039 2896 1152 2968 emittit,

188 2971 265 3026 Deos
280 2983 362 3046 atque
377 2974 507 3030 homines
531 2973 730 3046 obtestantem,
755 2987 786 3032 ut
809 2976 846 3030 lll.
862 2973 983 3046 Manlio,
1008 2975 1151 3030 liberaturi

187 3067 248 3120 tuo,
269 3051 379 3124 parenti
400 3051 490 3126 plebis
511 3052 661 3119 Romanae,
676 3053 794 3128 gratiam
817 3053 948 3110 reserant.
1004 3053 1152 3128 Acceptus
1231 3107 1237 3114 .

186 3128 327 3202 extemplo
352 3129 381 3185 in
406 3129 607 3186 tumultuosam
629 3132 748 3200 turbam,
770 3131 872 3205 etipse
893 3131 1045 3188 tumultum
1066 3150 1153 3207 auge·

188 3215 244 3271 bat,
266 3207 416 3264 cicatrices
440 3218 573 3282 acceptas
587 3205 712 3282 Vejenti,
735 3209 854 3279 Gallico,
877 3209 994 3284 aliisque
1015 3210 1152 3284 deinceps

152 3280 276 3354 sabellis,
291 3296 445 3342 ostentans.
487 3287 557 3361 (ᾖδε
572 3286 750 3352 militantem,
776 3305 807 3342 se
821 3287 1017 3344 restituentem
1039 3307 1152 3344 eversos

185 3362 204 3394 “
215 3373 343 3436 penates,
358 3363 506 3438 multiplici
519 3363 577 3438 jam
592 3375 666 3420 sorte
681 3365 817 3437 exsoluti,
832 3367 1027 3441 mergentibus
1040 3385 1151 3441 semper

185 3440 204 3472 “
215 3447 318 3497 sortem
334 3442 435 3511 usuris,
450 3441 581 3498 obrutum
596 3441 703 3498 soenore
717 3461 797 3500 esse:
820 3444 914 3500 ridere
928 3445 1033 3514 lucem,
1048 3445 1149 3508 lorum,

140 3585 148 3599 ι
185 3518 204 3551 “
215 3519 320 3575 civium
335 3539 394 3587 ora,
407 3519 447 3575 M.
461 3519 674 3596 utantiiopert:
699 3521 795 3578 omnia
804 3523 949 3596 parentum
963 3521 1104 3579 beneficia
1115 3521 1151 3576 ab

184 3597 263 3653 “illo
277 3617 307 3653 se
322 3599 444 3655 baberet
466 3598 505 3654 illi
520 3599 657 3654 devovere
673 3600 797 3674 corporis
819 3600 937 3674 vitaeque
953 3620 986 3656 ac
1001 3597 1150 3674 sanguinis

73 3708 75 3712 .
150 3677 435 3752 to“qu0dsupersit.
476 3675 688 3750 Quodcumque
716 3678 768 3733 sibi
794 3697 860 3734 cum
885 3679 983 3752 patria,
998 3676 1150 3752 penatibus

92 3794 94 3800 ,
184 3754 336 3828 “publicis
351 3775 385 3811 ac
400 3754 523 3829 privatis,
536 3755 608 3829 juris
623 3755 715 3822 luerit,
732 3755 759 3811 id
775 3775 841 3811 cum
857 3775 913 3811 uno
928 3757 1041 3811 homine
1056 3753 1147 3811 esse.’'
1218 3819 1223 3837 .

187 3833 240 3890 llis
255 3833 371 3890 vocibus
389 3833 523 3889 instincta
537 3833 635 3908 plebes
648 3853 734 3907 quum
754 3835 812 3908 jam
828 3833 912 3889 unius
928 3832 1050 3889 hominis
1064 3843 1147 3904 esset,

463 3911 518 3968 12*
