2630 4228
463 375 467 382 ι
519 303 624 354 LIBER
639 304 686 354 111.
719 317 780 354 cur.
793 319 875 354 nrrrr.
1109 307 1165 369 103

202 459 285 516 quem
300 441 400 499 urbem
414 444 626 518 egrederentur,
640 445 719 520 leges
732 444 943 516 decemvirales,
958 445 1061 519 quibus
1074 447 1093 482 “
1105 445 1164 504 Ta·

202 520 304 576 “bulis
328 520 515 578 DuodecIm'’
543 532 714 589 estnomen‚
742 522 771 578 io
794 541 832 578 aes
856 523 970 588 incisas,
994 523 1023 579 iu
1047 524 1163 597 publico

202 611 417 670 proposuerunt.
459 599 542 668 Sunt,
565 599 613 672 qui
632 599 712 674 jussu
736 599 913 656 tribunorum
935 599 1031 658 ediles
1050 600 1163 657 functos

202 691 238 730 eo
252 674 408 732 ministerio
421 675 556 732 scribant.

135 837 138 846 “
181 852 195 890 5
243 827 355 886 LVIII.
387 831 421 886 Ο.
436 829 575 886 Claudius
588 829 660 907 (qui,
675 849 791 906 perosus
805 830 1029 888 decemvirorum
1044 833 1162 898 scelera,

123 913 128 924 “
202 913 232 960 et
246 917 424 964 anteaomnes
438 907 530 964 Irutris
544 907 594 964 filii
609 908 747 982 superbiae
772 908 902 980 infestus,
922 909 1078 984 Regillum,
1093 909 1164 966 anti·

202 1000 287 1055 quam
302 985 332 1041 in
347 985 474 1058 patriam,
489 1003 519 1040 se
534 986 719 1062 contulerat),
743 985 767 1041 is
787 1003 892 1060 magno
909 986 968 1060 Jam
982 1002 1061 1056 natu,
1075 1005 1163 1060 quum
1241 999 1247 1011 ·

135 1066 139 1076 ⁴
203 1061 239 1116 ad
266 1061 393 1135 pericula
412 1062 474 1136 ejus
500 1063 680 1135 deprecanda
700 1063 830 1136 redisset,
853 1062 935 1136 cujus
956 1062 1024 1118 vitia
1044 1063 1164 1137 fugerat,

101 1155 104 1162 ·
204 1139 362 1194 sordidatus
389 1159 455 1196 cum
476 1139 631 1213 gentilibus
652 1140 859 1212 clientibusque
881 1139 910 1194 iu
931 1139 991 1196 soro
1011 1140 1165 1213 prensabat

169 1218 195 1276 ‘ro
205 1214 352 1290 singul0s;
373 1217 536 1290 orabatque,
558 1216 635 1272 “Ne
650 1217 779 1272 Claudiae
792 1216 871 1291 genti
885 1235 948 1272 eam
969 1216 1091 1272 inustam
1106 1235 1165 1273 ma·

128 1307 150 1330 2
205 1294 327 1350 “culam
354 1294 468 1363 vellent,
496 1304 527 1350 ut
547 1311 662 1349 carcere
683 1306 713 1350 et
736 1293 857 1351 vinculis
881 1293 1043 1349 viderentur
1064 1293 1163 1368 digni:

123 1367 145 1392 '⁴
204 1369 222 1404 ‘⁴
232 1371 332 1438 virum,
347 1371 569 1428 honoratissimae
584 1370 717 1446 imagiois
731 1371 857 1427 futurum
871 1371 906 1426 ad
921 1380 1056 1444 posteros,
1068 1369 1164 1444 legum

204 1447 349 1505 “latorem
364 1448 595 1521 conditoremque
609 1447 735 1504 Romani
752 1447 833 1524 juris,
856 1448 953 1523 jacere
976 1446 1103 1502 vinctum
1122 1447 1165 1502 iu-

131 1530 139 1593 ς’
204 1527 273 1584 “ter
287 1526 364 1582 sures
377 1535 531 1582 nocturnos
545 1543 579 1582 ac
593 1525 724 1582 latrones.
767 1527 937 1582 Avertereut
950 1524 986 1580 ab
997 1523 1039 1580 ira
1052 1543 1164 1600 parum·

126 1627 128 1635 ⁴
172 1625 195 1662 rs
204 1605 222 1637 “
232 1624 281 1680 per
305 1605 341 1660 ad
365 1603 559 1678 cognitionem
583 1603 840 1678 cogitationemque
861 1603 989 1670 animos3
1023 1611 1052 1658 et
1072 1600 1165 1676 potiris

117 1682 120 1690 ’
204 1683 321 1739 “unum
348 1692 388 1738 tot
414 1680 544 1740 Claudiis
580 1681 800 1756 deprecantibus
837 1680 1039 1748 condonarent,
1067 1679 1162 1752 quim,

122 1793 128 1798 -
204 1762 344 1834 “propter
372 1760 457 1816 unius
482 1758 590 1828 odium,
617 1758 769 1814 multorum
796 1775 896 1831 preces
917 1757 1163 1830 adspernerentur.

105 1863 108 1870 ¹
204 1840 271 1894 “Se
285 1855 394 1911 quoque
409 1837 438 1894 id
452 1835 550 1911 generi
565 1855 600 1892 ac
623 1835 732 1892 nomini
754 1835 831 1900 dare,
853 1853 909 1890 nec
930 1853 997 1890 cum
1011 1834 1088 1890 eoin
1102 1851 1165 1908 gra·

111 1946 117 1954 ·
204 1915 300 1973 “tiam
327 1915 444 1981 redisse,
471 1914 554 1988 cujus
588 1913 713 1968 adversae
740 1911 865 1968 fortunae
894 1911 961 1968 velit
987 1927 1163 1967 succursum
1238 1939 1248 1954 ·

103 1985 126 2016 ’·’
169 1997 222 2048 so“
231 1994 344 2050 Virtute
358 1992 516 2048 libertatem
540 2001 736 2064 recuperatam
758 2007 840 2044 esse:
875 1988 1026 2044 elementia
1047 2006 1165 2044 concor·

110 2075 116 2084 “
203 2072 309 2130 “diam
322 2071 453 2132 ordinum
478 2068 597 2125 stabiliri
621 2069 732 2142 posse.''
773 2066 864 2122 Erant
887 2085 956 2140 quos
974 2065 1164 2122 moreretsud

204 2149 297 2224 magis
311 2148 424 2222 pietate,
438 2145 523 2220 quiam
545 2145 616 2221 ejus,
635 2164 685 2219 pro
702 2163 757 2218 quo
772 2143 884 2218 agebat,
898 2144 1001 2199 causi:
1036 2143 1086 2197 sed
1101 2142 1165 2198 Vir·

100 2278 119 2294 „1
204 2225 310 2302 ginius‚
326 2230 345 2262 ‘⁶
356 2224 399 2280 sui
414 2221 504 2298 potitis
518 2233 550 2279 ut
558 2222 787 2288 misererentur,”
797 2221 904 2287 orabat,
920 2219 1068 2294 “filiaeque
1081 2238 1087 2276 :
1108 2237 1164 2276 nec

60 2334 118 2415 N:
204 2303 325 2380 “gentis
339 2301 466 2358 Claudiae
481 2319 600 2376 regnum
616 2299 645 2356 in
668 2300 780 2375 plebem
794 2299 909 2364 sortitae,
928 2298 977 2354 sed
992 2297 1165 2354 necessario·

110 2397 132 2424 'e
169 2387 223 2437 es‘t
233 2401 294 2438 rum
309 2379 446 2454 Virginius
460 2377 587 2461 eth
612 2377 787 2434 tribunorum
810 2395 910 2452 preces
924 2375 1071 2442 audirent3
1104 2374 1163 2448 qui,
1200 2413 1208 2428 a

203 2460 266 2516 “ad
281 2457 418 2515 auxilium
431 2456 522 2530 plebis
536 2455 633 2536 creati,
648 2455 700 2530 ipsi
723 2454 814 2529 plebis
828 2453 912 2510 fidem
927 2464 1010 2526 atque
1024 2451 1163 2508 auxilium

204 2535 441 2612 “implorarent’'
484 2533 623 2590 Justiores
638 2534 681 2594 hae
694 2532 827 2604 lacrymae
840 2531 1028 2597 videbantur3
1056 2529 1162 2602 itaque,
1207 2597 1214 2607 ἱ

204 2635 254 2691 spe
279 2614 378 2680 incisa,
406 2613 570 2687 priusquam
596 2611 725 2685 prodicta
748 2609 809 2665 dies
832 2609 952 2677 adesset,
978 2605 1089 2680 Appius
1112 2605 1166 2661 sibi

204 2702 322 2750 mortem
349 2690 496 2748 conscivit.
539 2688 668 2744 Subinde
695 2697 822 2760 arreptus
844 2704 861 2740 a
884 2685 914 2740 P.
931 2682 1092 2740 Numitorio
1116 2683 1165 2756 Sp.
1188 2717 1208 2751 5,-
1246 2728 1255 2740 .

170 2771 325 2846 mOppius,
340 2768 483 2844 proximus
498 2766 621 2837 invidiae,
636 2763 710 2839 qudd
725 2765 754 2820 in
769 2763 846 2820 Urbe
861 2761 962 2827 suerat,
976 2777 1063 2833 quum
1079 2758 1166 2834 injus·

204 2861 239 2904 tae
254 2847 384 2904 vindiciae
400 2864 417 2901 a
430 2844 540 2919 collegi
554 2843 726 2899 dicerentur.
768 2840 835 2896 Plus
859 2850 954 2894 tamen
973 2837 1049 2893 facta
1063 2835 1166 2910 injuria

203 2925 309 3000 Oppio,
322 2923 407 2998 quam
421 2943 479 2980 non
493 2921 644 2996 prohibita,
660 2919 773 2976 invidiae
788 2917 872 2974 fecit:
907 2915 986 2974 testis
1000 2913 1165 2988 productus,

204 3004 262 3076 qul,
278 3013 384 3076 septem
399 3011 428 3058 et
441 2999 541 3075 vigioti
555 2997 730 3054 enumeratis
754 2993 912 3070 stipendiis,
927 2992 1016 3049 octies
1029 2999 1111 3046 extra
1123 3007 1167 3046 or·

204 3082 301 3137 dinem
321 3080 452 3145 donatus,
479 3078 609 3150 donaque
636 3095 671 3132 ea
697 3093 801 3150 gerens
826 3072 854 3128 in
879 3078 1035 3144 conspectu
1059 3066 1166 3142 populi,

171 3159 292 3214 nescisse
307 3169 384 3214 veste
407 3167 518 3230 tergum
543 3153 698 3210 laceratum
721 3149 806 3226 virgis
826 3147 958 3216 ostendit,
983 3145 1103 3202 nihilum
1117 3145 1166 3202 de·

205 3255 334 3310 precans,
360 3235 469 3307 “quin,
491 3233 514 3288 si
538 3251 623 3304 quam
648 3249 728 3286 suam
751 3230 853 3284 noxam
873 3245 938 3282 reus
952 3225 1048 3281 dicere
1063 3236 1165 3298 posset,

206 3313 357 3387 “privatus
382 3312 483 3368 iterum
509 3311 537 3366 in
562 3329 592 3364 se
617 3307 756 3363 saeviret.''
799 3304 909 3379 Oppius
930 3321 1041 3377 quoque
1063 3302 1166 3356 ductus

206 3392 235 3446 in
264 3391 378 3446 vinculo
404 3399 457 3454 est,
479 3399 583 3444 etante
609 3385 711 3460 judicii
735 3384 810 3439 diem
834 3383 921 3437 linem
947 3381 985 3436 ibi
1011 3377 1165 3434 vitaefecit.

205 3469 285 3526 Boua
300 3467 414 3524 Claudii
429 3466 570 3540 Oppiique
586 3463 691 3520 tribuni
706 3462 907 3537 publicavere:
936 3458 1053 3531 collegae
1068 3473 1165 3512 eorum

172 3567 195 3602 ru
205 3546 295 3602 exsilii
321 3547 407 3602 causa
434 3545 523 3600 solum
546 3553 707 3598 verterunt:
748 3540 823 3595 bona
844 3537 987 3612 publicata
1014 3544 1099 3590 sunt·
1130 3532 1167 3588 Et

205 3621 246 3680 M.
262 3623 412 3688 Claudium
427 3632 547 3678 assertor
563 3619 709 3694 Virginiae,
724 3619 770 3672 die
785 3617 860 3672 diets
875 3615 1035 3676 damnatum
1051 3611 1110 3684 ipso
1124 3627 1167 3664 re·

206 3703 336 3758 mittente
363 3700 492 3775 Virgiuio
518 3697 643 3754 ultimam
668 3713 792 3770 poenam,
815 3692 957 3761 dimissuS,
977 3689 1070 3744 Tibur
1084 3701 1167 3741 exsu-
