2630 4228
156 335 213 398 1³2
448 287 451 293 ¹
543 327 716 382 rimaran

154 478 173 511 ‘¹
184 474 263 530 vinar
281 469 389 546 suscipi
409 471 523 546 potestl
570 469 653 532 Quid
680 470 716 526 de
740 467 855 526 aeternis
875 467 972 525 Verte
993 465 1120 543 ignibus,

155 555 174 590 ‘⁶
183 551 331 625 signoque,
345 549 420 622 quod
435 548 546 623 imperii
567 548 670 624 pignus
690 547 818 604 custodia
841 545 912 620 ejus-
924 547 1022 620 templi
1042 558 1121 602 teue-

154 631 174 666 “
182 639 237 698 tur,
252 627 370 699 loquarl
397 625 466 700 quid
490 627 526 682 ds
540 625 682 684 ancilibus
703 623 811 689 restris,
833 622 914 680 Mars
927 623 1062 688 Gradive,
1077 635 1122 679 tu·

155 709 238 778 “que
251 703 378 764 Quirine
393 704 492 776 pateri
526 701 704 760 haecomnia
723 701 752 758 in
774 699 892 775 profano
913 700 1007 758 deseri
1028 700 1121 774 placet

155 787 273 850 “sacra¹
302 780 421 854 aqualia
448 779 519 850 urbi,
548 779 677 854 quaedam
699 778 851 834 vetustiora
876 777 988 852 origine
1018 777 1122 834 urbls‘l
1143 789 1162 828 5

154 859 220 916 “Et
242 859 346 928 videta,
359 857 427 931 quid
443 857 516 913 inter
537 875 589 912 nos
610 874 644 912 ac
658 855 779 930 majores
798 855 918 912 intersit.
974 853 1019 911 llli
1040 873 1124 910 sacra

154 936 315 1009 “quadam
328 935 359 992 iu
379 944 476 990 monte
498 933 612 1002 Albano
632 932 808 1006 Lauiniaque
823 932 906 988 uobis
921 931 1054 990 iacienda
1067 941 1124 988 tra·

155 1013 326 1070 “diderunt.
368 1014 417 1068 Au
438 1029 475 1067 ex
495 1011 618 1072 hostium
639 1010 758 1069 urbibus
776 1009 901 1086 Romam
916 1009 952 1066 ad
966 1028 1019 1066 nos
1033 1021 1124 1064 trans·

119 1147 121 1152 ,
156 1099 174 1134 ‘⁴
185 1090 250 1148 sarri
263 1107 347 1152 sacra
359 1088 524 1164 religiosum
548 1087 620 1144 luit:
651 1087 720 1144 hinc
743 1086 805 1142 sine
827 1086 941 1160 piaculo
954 1087 983 1143 in
998 1087 1123 1143 hostiurn

157 1167 296 1232 “urbem
321 1165 418 1242 Veios,
442 1165 665 1222 transieramusl
719 1163 937 1230 Recordamini‚
965 1164 1123 1239 agitedum,
1136 1175 1162 1214 ru

156 1256 175 1288 ‘⁴
184 1245 295 1317 quoties
307 1261 390 1300 sacra
404 1243 608 1314 instaurentur,
622 1241 690 1316 quia
710 1241 815 1315 aliquid
829 1260 867 1298 ex
881 1241 971 1316 patrio
985 1243 1040 1298 ritu
1055 1260 1125 1316 neg-

156 1321 305 1396 “ligeutii
330 1339 434 1378 casuve
447 1319 668 1395 pretermissum
694 1331 746 1376 est.
788 1317 876 1376 blodd
900 1337 963 1392 quaa
985 1338 1040 1389 res,
1061 1329 1126 1393 post

156 1399 344 1474 “prodigium
360 1399 466 1454 Albani
480 1397 570 1464 lauris,
591 1397 647 1454 nisi
662 1396 829 1456 instauratio
842 1413 987 1453 sacrorum
1001 1397 1126 1471 auspici·

57 1525 60 1530 .
157 1490 322 1550 ‘torumque
344 1475 498 1546 renovatio,
518 1475 632 1533 allectas
657 1473 773 1550 Vejenti
798 1474 872 1531 bello
895 1474 1060 1548 reipublieae
1081 1493 1126 1530 re·

157 1555 282 1610 “medio
309 1552 386 1608 fuiti
440 1553 481 1608 At
505 1553 604 1622 etiarn,
631 1563 775 1626 tamquam
804 1563 932 1608 veterum
953 1551 1164 1626 religionumra

157 1644 176 1682 ιι
187 1648 336 1696 memoras,
348 1640 377 1686 et
389 1629 554 1705 peregrinos
568 1629 646 1686 Deos
667 1629 862 1686 transtulimus
882 1630 1018 1696 Romam,
1040 1643 1069 1685 et
1082 1630 1127 1686 in·

157 1722 177 1756 ιι
186 1707 330 1763 stituimus
340 1725 451 1764 novos..
477 1706 556 1764 Juuc
569 1706 696 1782 Regina,
723 1717 885 1764 transvecta
898 1726 915 1763 a
928 1706 1019 1782 Vejis,
1035 1725 1127 1782 nuper

158 1784 216 1840 nin
232 1783 377 1841 Aventino
389 1782 475 1858 quam
497 1785 609 1860 insigni
627 1785 666 1842 ob
688 1785 834 1841 excellens
854 1795 1048 1842 matronarum
1069 1801 1128 1840 stu·

158 1879 178 1912 ιι
187 1861 265 1917 dium
280 1861 443 1936 celebrique
456 1862 589 1920 dedicata
602 1872 646 1919 est
659 1862 730 1918 diel
771 1862 829 1937 ajo
842 1861 965 1918 Locutio
978 1862 1127 1936 templum,

160 1957 179 1990 ιι
189 1949 301 2014 propter
315 1939 461 1996 coelestam
476 1959 574 1998 vocem
588 1939 753 1998 exauditam
775 1939 805 1996 in
819 1935 901 1996 Novi
916 1940 970 2011 uid,
989 1940 1166 2014 jussimussu

161 2017 270 2072 alieri:
291 2016 466 2091 Capitolinos
480 2018 562 2074 ludos
580 2017 746 2074 solennibus
760 2016 823 2072 aliis
836 2016 1018 2086 addidimus3
1041 2017 1129 2074 colle-

162 2113 181 2145 ιι
192 2094 327 2170 giumque
342 2095 378 2150 ad
392 2094 421 2150 id
435 2114 551 2160 novum,
566 2106 682 2151 auctore
695 2104 809 2160 senatu,
823 2093 1014 2162 condidimus.
1045 2093 1128 2155 Quid

162 2191 181 2224 n
193 2173 294 2229 borum
307 2191 379 2246 opus
392 2172 446 2229 luit
459 2172 576 2246 suscipi,
600 2172 624 2228 si
638 2172 697 2234 una
710 2187 778 2230 cum
796 2171 887 2228 Gallis
901 2171 1000 2228 urbem
1021 2171 1130 2228 Roma

160 2260 256 2306 “nam
271 2249 398 2306 relicturi
412 2248 538 2309 fuimus‘l
573 2249 597 2305 si
611 2267 670 2306 acu
686 2249 828 2306 voluntate
843 2249 1001 2306 mansimus
1022 2249 1052 2305 in
1073 2249 1129 2306 Ca·

160 2337 179 2368 ιι
189 2326 287 2399 pitollc
299 2345 350 2400 per
373 2336 415 2382 tot
434 2344 549 2382 menses
561 2325 718 2382 obsidionis
730 2328 742 2380 l
763 2327 787 2382 si
801 2326 837 2382 ab
851 2327 980 2384 hostibus
993 2338 1073 2384 metu
1087 2347 1130 2384 re·
1139 2344 1166 2382 m

161 2403 260 2460 “tanti
284 2405 405 2458 sumust
445 2401 491 2458 De
517 2403 607 2460 saeris
627 2403 768 2476 loquimur
788 2415 818 2461 et
837 2405 874 2460 de
894 2405 1027 2478 templis:
1061 2405 1129 2480 quid

162 2480 307 2536 “tandem
321 2480 357 2535 de
372 2480 567 2537 sacerdotibus
579 2482 590 2536 l
632 2479 740 2537 Nonne
754 2481 783 2538 in
799 2493 925 2539 mentem
940 2483 1028 2554 venit,
1041 2495 1131 2556 quan·-

162 2569 182 2602 ιι
192 2568 252 2613 tum
267 2557 373 2632 piaculi
387 2557 604 2615 committatur?
646 2558 811 2616 Vestalibus
824 2579 928 2634 nempe
948 2579 1006 2616 una
1021 2561 1068 2616 llla
1088 2579 1132 2616 ae·

163 2647 182 2680 ιι
192 2636 243 2691 des
257 2645 310 2702 est,
323 2654 360 2692 ex
373 2636 431 2710 qut
444 2654 493 2692 eas
506 2636 577 2692 nibil
592 2655 727 2711 unquam,
747 2649 931 2712 preterquam
946 2637 1129 2712 Urbs'capta,

162 2713 287 2770 “nrovit.
329 2713 454 2770 Flamini
468 2713 544 2771 Diali
559 2711 673 2772 noctem
698 2733 784 2772 unam
799 2734 915 2772 manere
928 2727 1010 2772 extra
1029 2717 1165 2778 urbemm

163 2805 182 2838 ιι
193 2791 273 2848 nolas
286 2802 338 2848 est.
382 2793 444 2848 Hos
459 2792 596 2868 Vejentes
609 2811 660 2868 pro
674 2792 816 2850 Romanis
839 2793 941 2850 facturi
956 2795 1024 2850 estis
1038 2812 1132 2850 sacer·

164 2885 182 2917 ιι
193 2871 282 2936 dotes,
297 2880 326 2926 et
339 2870 470 2926 Vestales
483 2880 539 2926 tuae
553 2881 581 2926 te
595 2872 737 2937 deserent,
753 2871 862 2928 Vesta?
891 2882 920 2927 et
933 2871 1037 2928 flamen
1052 2889 1132 2946 pere·

164 2965 184 2997 ιι
193 2946 244 3023 grie
260 2947 414 3004 habitando
428 2947 457 3003 in
471 2947 598 3021 singulas
619 2958 718 3004 noctes
742 2959 852 3006 tantum
874 2949 929 3005 sibi
949 2950 1046 3024 reique
1061 2950 1132 3025 pub·

164 3041 184 3073 ιι
193 3027 257 3084 lieoe
271 3026 376 3101 piaculi
390 3026 560 3083 contrahet!
600 3025 683 3086 Quid
697 3026 761 3094 alia,
776 3046 839 3102 quaa
853 3027 1001 3102 auspicato
1022 3029 1133 3103 agimus

164 3104 289 3160 comnia
303 3104 360 3160 sere
376 3103 449 3161 intra
468 3104 649 3180 pomaerium,
670 3105 718 3161 cui
737 3106 882 3176 oblivioni,
904 3119 953 3162 aut
973 3107 1021 3162 cui
1043 3107 1167 3181 neglias

165 3197 184 3231 ιι
193 3182 298 3256 gentiae
312 3182 434 3238 damus?
476 3182 733 3256 combinandum,
747 3201 884 3258 quarem
900 3184 1050 3240 militarem
1065 3203 1134 3240 con·

166 3277 185 3310 ιι
194 3261 305 3329 tinent;
337 3260 454 3317 comitia
474 3261 644 3332 centuriata,
672 3261 775 3336 quibus
796 3261 928 3320 consules
949 3262 1134 3335 tribunosque

166 3355 186 3389 ιι
196 3338 331 3395 militares
345 3338 457 3409 creatis,
473 3339 521 3395 ubi
536 3337 692 3414 auspicati,
714 3341 770 3397 nisi
785 3341 833 3397 ubi
848 3340 982 3404 assolent,
997 3339 1058 3395 fieri
1074 3359 1135 3414 pos·

167 3433 186 3467 ιι
196 3417 285 3472 suntl
326 3416 450 3492 Vejosne
465 3417 527 3472 haec
538 3417 741 3479 transferemus
753 3421 764 3474 l
785 3438 832 3486 an,
844 3418 1023 3476 comitiorum
1035 3419 1134 3490 causi,

169 3495 407 3572 ‹apopulustanto
428 3495 609 3554 incommodo
630 3495 660 3552 in
680 3496 822 3555 desertam
843 3497 918 3554 banc
939 3495 976 3553 ab
998 3495 1063 3552 Diis
1086 3496 1170 3558 lac-ro

168 3572 378 3649 ominibusque
392 3574 492 3631 urbem
508 3574 686 3632 conveniet?
