2632 4224
556 413 660 464 LIBER
676 413 696 462 l.
729 429 790 464 car.
802 430 886 464 mrr.
1157 415 1199 474 31

240 541 372 632 pedilum
385 553 498 630 quidem
513 557 622 624 robore,
637 557 776 614 ceterum
789 557 915 632 equitatu
929 567 1012 614 aucto
1026 573 1126 632 nuper,
1140 555 1202 632 plu-

242 635 351 692 rimum
365 635 498 692 Romana
511 637 587 692 acies
601 635 696 692 valuiu
739 635 783 691 Ab
796 635 938 710 equitibus
951 636 1066 710 repente
1081 635 1201 692 invectis

243 713 347 770 turbati
368 713 483 770 ordines
504 723 570 770 sunt
597 713 786 790 Sabinorum:
821 731 875 770 neo
902 731 998 788 pugna
1019 713 1123 770 deinde
1145 713 1201 770 illis

181 803 381 871 Aggpnstare,
396 809 452 848 nec
466 791 534 867 fuga
547 791 691 866 explicari,
706 791 768 848 sine
783 791 886 867 magna
900 792 979 848 crede
993 792 1091 867 potuit.

185 933 188 942 ,
211 887 260 950 ,fol
1295 925 1296 930 ,

165 925 201 1024 l·
216 949 233 1001 'a
280 947 398 1006 XXXI.
420 947 549 1004 Devictis
563 947 687 1018 Sabinis,
701 967 789 1022 quum
804 947 833 1004 in
847 948 951 1024 magnai
967 946 1056 1022 gloria
1077 948 1202 1024 magnis·

240 1045 295 1100 que
308 1026 410 1101 opibus
424 1045 544 1100 regnum
558 1025 638 1082 Tulli
652 1044 687 1082 ac
701 1037 758 1082 tota
778 1045 823 1082 res
845 1025 978 1083 Romana
991 1036 1074 1095 essct,
1089 1027 1202 1084 nuntia·

240 1117 302 1160 turn
315 1105 376 1180 regi
391 1105 579 1178 Patribusque
593 1115 646 1171 est,
661 1104 691 1160 in
705 1115 800 1161 rnonte
811 1104 923 1162 Albano
937 1103 1078 1178 lapidibus
1086 1103 1200 1179 pluisse.

148 1225 151 1233 .
240 1181 330 1242 Quod
344 1201 430 1256 quum
445 1182 523 1258 credi
539 1182 584 1238 vix
598 1193 701 1256 posset,
724 1182 817 1238 missis
831 1183 867 1237 ad
889 1179 918 1238 id
940 1182 1087 1240 visendum
1109 1183 1202 1257 prodi-

241 1260 330 1334 gium,
347 1261 376 1316 iu
390 1271 556 1334 conspectu,
572 1259 648 1316 baud
663 1259 743 1316 aliter
757 1259 841 1333 quarn
854 1277 941 1334 quum
956 1259 1125 1335 grandinem
1135 1279 1201 1317 ven·

209 1355 233 1394 ro
242 1338 261 1392 ti
276 1337 460 1414 glomeratam
475 1337 505 1394 in
519 1350 608 1394 terras
623 1347 720 1412 agunt,
734 1337 828 1393 crebri
849 1337 983 1396 cecidero
997 1338 1070 1394 caelo
1084 1338 1199 1412 lapides.

241 1415 304 1472 Visi
318 1416 404 1472 etiarn
419 1415 518 1472 audire
532 1433 632 1472 vocem
646 1417 792 1490 ingentem
802 1433 837 1471 ex
846 1415 949 1472 summi
959 1416 1118 1471 cacuminis
1126 1416 1199 1485 luco,

241 1504 273 1550 ut
286 1494 376 1570 patrio
389 1495 445 1550 ritu
460 1511 541 1550 sacru
555 1494 661 1549 Albani
676 1493 812 1563 facerent,
827 1511 889 1568 quae
909 1493 999 1570 (velut
1013 1493 1077 1550 Diis
1090 1513 1200 1568 quoque

241 1571 324 1628 simul
346 1591 413 1628 cum
435 1572 527 1648 patriti
548 1571 667 1649 relictis)
689 1571 824 1628 oblivioni
845 1571 1000 1640 dederant3
1029 1582 1059 1628 et
1079 1587 1128 1628 aut
1142 1571 1202 1630 Ro-

240 1669 327 1706 mana
340 1669 421 1706 sacra
435 1659 629 1724 susceperant,
644 1661 701 1722 aut,
715 1649 844 1720 fortune,
867 1662 898 1706 ut
911 1649 950 1719 lit¹
966 1650 1076 1716 obirati,
1091 1649 1200 1707 cultum

208 1739 232 1784 15
241 1727 413 1802 reliquerant
435 1727 541 1786 Detlm.
596 1727 736 1784 Romanis
756 1747 866 1804 quoque
888 1727 924 1783 ab
951 1729 1051 1787 eodem
1072 1729 1201 1803 prodigio

228 1805 419 1863 novemdiale
433 1823 544 1862 sacrum
560 1804 675 1878 publice
692 1817 854 1881 susceptum
868 1817 926 1875 est;
948 1825 999 1863 seu
1014 1805 1200 1863 vocecoelesti

240 1901 277 1940 ex
291 1883 405 1940 Albano
420 1895 514 1941 monte
530 1884 615 1939 missa
631 1882 711 1958 (uana
725 1883 753 1940 id
768 1903 878 1958 quoque
892 1884 1035 1962 traditur),
1057 1903 1109 1940 seu
1123 1903 1201 1941 arus·

239 1963 336 2036 picum
350 1958 483 2018 monitu.²⁴
510 1961 620 2018 Mansit
633 1961 708 2017 certe
731 1961 857 2028 solenne,
880 1972 920 2028 ut,
942 1964 1110 2036 quandoque
1126 1963 1200 2020 idem
1259 1981 1261 1987 ⁴

239 2041 400 2116 prodigium
423 2039 608 2110 nuntiaretur,
639 2039 716 2094 ferire
744 2057 795 2114 per
821 2059 923 2096 novem
950 2041 1012 2098 dies
1039 2051 1200 2115 agerentur.

206 2133 232 2173 so
242 2119 328 2175 Haud
344 2118 382 2174 ita
395 2116 484 2174 multo
498 2116 559 2192 post
572 2115 731 2192 pestilentia
753 2117 911 2174 laboratum
933 2127 993 2174 est:
1023 2119 1099 2176 uude
1114 2137 1201 2193 quum

241 2195 356 2270 pigritia
370 2195 508 2256 militandi
529 2195 657 2265 oriretur,
680 2193 759 2250 nulla
778 2206 874 2251 tamen
896 2197 932 2250 ab
953 2197 1038 2252 aruris
1058 2197 1139 2270 quies
1153 2197 1202 2253 da·

242 2273 324 2330 batur
338 2273 374 2329 ab
388 2273 522 2330 bellicoso
541 2291 618 2348 rege,
641 2272 797 2329 salubriora
817 2274 904 2330 etiam
925 2275 1060 2332 credente
1083 2275 1200 2342 militie,

241 2351 326 2425 quarn
340 2351 426 2417 dorni,
438 2351 576 2426 juvenum
590 2369 707 2425 corpora
720 2369 799 2420 esse;
829 2351 922 2408 donec
944 2354 1003 2428 ipse
1017 2371 1127 2427 quoque
1142 2353 1202 2410 lon-

242 2429 348 2504 ginquo
362 2430 460 2486 morbo
473 2440 517 2485 est
531 2429 692 2503 implicitus.
734 2429 822 2504 Tunc
836 2429 909 2486 adeb
932 2431 1013 2488 fracti
1035 2431 1119 2488 simul
1134 2450 1200 2488 curn

207 2521 233 2560 ns
243 2525 359 2582 corpore
374 2519 439 2563 sunt
453 2507 567 2582 spiritus
581 2507 621 2564 illi
635 2507 754 2578 feroces,
769 2517 810 2574 ut,
824 2509 873 2582 qui
895 2507 965 2564 nibil
988 2509 1054 2564 ante
1069 2519 1145 2565 ratus
1159 2528 1202 2566 es-

227 2585 397 2642 ''setminrls
418 2585 538 2660 regium,
564 2584 649 2660 quarn
678 2587 766 2642 sacris
787 2581 892 2642 dedere
920 2586 1056 2658 animum,
1086 2589 1201 2660 repente

243 2663 375 2720 omnibus
389 2663 500 2739 mugnis
513 2665 661 2738 parvisque
669 2663 916 2738 superstitionibus
923 2662 1202 2738 obnoriiusdegeret,

243 2741 483 2817 religionibusque
496 2741 583 2798 etiam
597 2741 731 2816 populum
744 2741 890 2818 impleret.
932 2741 1028 2816 Vulgb
1040 2742 1099 2816 jum
1113 2743 1203 2798 honri-

243 2837 305 2890 ues,
319 2839 386 2876 eum
400 2829 504 2877 statum
518 2839 622 2886 rerum,
644 2820 692 2893 qui
713 2819 767 2876 sub
789 2818 885 2879 Numi
906 2837 973 2895 rege
995 2819 1095 2891 suerat,
1110 2821 1201 2894 requi·

209 2909 235 2950 st
245 2909 347 2967 rentes,
363 2917 449 2954 unatn
463 2917 545 2973 opern
561 2897 643 2972 aegris
657 2897 821 2972 corporibus
842 2897 981 2965 relictam,
1003 2898 1026 2953 si
1041 2916 1096 2972 pax
1110 2898 1203 2954 venia-

244 2993 299 3048 que
314 2977 349 3031 ab
363 2975 426 3032 Diis
440 2976 589 3050 impetrata
602 2986 686 3046 esset,
710 2975 874 3032 credebant.
910 2975 1014 3050 ¹Ipsum
1028 2993 1134 3049 regent,
1148 2985 1203 3033 tra·

226 3081 230 3088 ·
244 3053 326 3121 dunt,
340 3053 497 3110 volventem
512 3053 731 3110 commentarios
740 3052 854 3120 Numa,
868 3072 955 3128 quum
970 3053 1009 3109 ibi
1018 3054 1147 3127 quedam
1156 3071 1203 3110 oc·

244 3132 322 3188 culta
335 3132 464 3190 solennia
477 3132 618 3189 sacrificia
631 3130 694 3190 Jovi
717 3131 809 3188 Elicio
831 3131 906 3188 facta
927 3131 1091 3204 invenisset,
1105 3150 1203 3205 opera·

244 3221 305 3266 turn
320 3211 364 3266 his
377 3211 465 3267 sacris
479 3229 509 3266 se
518 3209 661 3266 abdidisse
673 3227 682 3276 3
703 3210 753 3265 sed
763 3227 819 3265 non
829 3209 880 3265 rite
895 3209 996 3266 initum
1011 3219 1059 3266 aut
1073 3214 1220 3268 curatum'

211 3288 274 3343 csid
289 3305 399 3345 sacrum
421 3307 501 3356 esse;
536 3305 591 3344 nec
613 3287 707 3343 solum
729 3287 836 3346 nullam
858 3288 885 3344 ei
906 3288 1029 3346 oblatam
1044 3287 1203 3346 caelestium

244 3365 379 3440 speciem,
394 3368 454 3439 sed,
469 3367 511 3423 ira
532 3365 620 3430 Jovis.
644 3365 786 3423 sollicitati
808 3366 894 3440 prava
915 3366 1061 3442 religione,
1084 3365 1203 3424 fulmine

243 3444 332 3500 ictum
346 3463 413 3502 curn
436 3445 520 3502 domo
541 3442 738 3518 conflagrasse.
780 3443 884 3501 Tullus
906 3447 1009 3520 magna
1031 3445 1119 3521 gloria
1137 3445 1203 3538 belli

243 3523 372 3598 regnarit
386 3541 477 3580 annos
491 3523 562 3580 duos
576 3531 605 3578 et
618 3521 743 3596 triginta.
787 3571 791 3578 ,
1187 3539 1193 3610 p

283 3676 417 3736 xxxrr.
448 3679 563 3736 nonno
584 3677 682 3747 Turro,
704 3697 758 3749 res,
781 3689 813 3735 ut
834 3643 994 3736 tustanum
1013 3678 1071 3754 jam
1085 3636 1203 3739 auio
1223 3669 1236 3751 ἵ,

164 3783 168 3790 ·
208 3775 233 3814 tu
243 3757 326 3815 initio
340 3769 408 3828 erat,
424 3759 459 3815 ad
475 3749 573 3814 Paitres
587 3757 725 3814 redierat:
756 3757 840 3830 hique
855 3757 1026 3830 interregem
1040 3748 1212 3812 nominare-l
1235 3757 1258 3826 l·

244 3847 324 3894 tanta
345 3855 401 3911 quo
415 3835 530 3894 comitia
543 3835 676 3904 habente,
700 3835 816 3892 Ancum
838 3833 981 3892 Marcium
1002 3849 1098 3909 regern
1116 3849 1204 3908 popu·
