2630 4228
476 349 668 421 nrnnaxxr.
696 351 857 422 esaum.
1085 370 1158 434 -181

195 513 291 574 omnia
304 513 369 571 nive
383 514 504 590 oppleta,
519 534 616 588 quum,
631 513 722 590 signis
735 512 826 588 prima
839 513 904 570 luce
918 511 1012 584 motis,
1033 511 1172 588 segniter

195 611 299 668 agmen
314 593 470 665 incederet,
484 593 660 668 pigritiaque
678 602 707 648 et
720 591 880 666 desperatio
894 591 923 647 in
937 591 1065 648 omnium
1081 591 1160 648 vultu

194 672 353 740 emineret3
374 689 547 746 praegressns
568 671 650 746 signa
670 669 817 726 Hannibal
832 665 861 726 in
882 669 1073 744 promontorio
1092 679 1160 743 quo·

195 749 272 819 dam,
288 748 364 822 unde
388 747 473 824 longe
496 767 530 805 ac
552 749 607 807 late
627 759 793 823 prospectus
808 759 878 820 erat,
899 747 1055 804 consistere
1073 747 1162 822 jussis

161 827 332 884 omilitibus
354 825 471 884 ltaliam
498 837 629 898 ostentat,
661 825 860 901 subjectosque
881 825 995 900 Alpinis
1016 825 1160 882 montibus

196 905 441 980 Circumpadanos
461 923 598 980 campos:
621 914 640 940 “
652 904 812 978 moeniaque
832 923 882 960 eos
903 917 964 960 turn
977 903 1161 960 transcende·

197 992 254 1040 “re
275 993 333 1040 non
354 983 444 1045 Italiae
466 981 559 1050 morib,
581 983 631 1039 sed
653 983 738 1038 etiam
759 981 838 1038 urbis
861 982 1022 1039 Romanae:
1057 992 1161 1038 caetera

196 1057 473 1136 “'plana‚‘proc'livia
494 1061 575 1118 fore:
610 1063 677 1128 uno,
705 1071 754 1116 aut
781 1079 924 1116 summum
952 1060 1040 1118 altero
1059 1059 1160 1134 proelic

196 1148 320 1196 “arcem
340 1150 369 1196 et
391 1150 477 1215 caput
498 1139 588 1196 Italiae
610 1139 639 1196 in
664 1156 751 1196 manu
772 1157 807 1195 ac
827 1148 965 1212 potestate
986 1137 1159 1196 habituros.''

164 1217 355 1275 roProcedere
369 1219 435 1275 inde
450 1237 553 1294 agmen
568 1218 672 1292 coepit3
691 1217 750 1292 jam
765 1217 835 1273 nihil
851 1235 887 1272 ne
897 1215 1025 1273 hostibus
1033 1215 1159 1290 quidem,

194 1307 296 1370 praeter
310 1315 395 1370 parva
408 1296 482 1353 furta
506 1313 555 1371 per
577 1290 772 1367 ‘occasionem
786 1294 971 1362 tentantibus.
1014 1292 1160 1350 Ceterum

195 1374 249 1430 iter
264 1373 360 1446 multb,
375 1374 460 1449 quarn
474 1375 503 1431 in
518 1374 660 1432 adscensu
674 1373 776 1444 iuerat,
791 1375 837 1447 (ut
850 1373 982 1447 pleraque
992 1371 1109 1446 Alpium
1124 1372 1161 1428 ab

116 1495 118 1500 .
195 1451 278 1508 Italia
292 1453 366 1510 sicut
379 1453 515 1524 breviora,
530 1452 570 1508 ita
583 1452 735 1510 arrectiora
749 1451 831 1528 sunt)
843 1450 987 1507 difficilius
1002 1449 1073 1506 suit:
1102 1467 1161 1506 om·

7 1527 14 1666 q
194 1530 240 1587 nis
254 1531 330 1587 enim
344 1531 432 1588 ferme
447 1531 492 1587 via
505 1549 641 1606 praeceps,
651 1525 785 1604 angusta,
801 1529 911 1586 lubrica
924 1538 1005 1596 erat;
1026 1538 1058 1584 ut
1067 1547 1160 1602 neque

53 1609 335 1666 ...Q
349 1629 380 1665 se
394 1627 411 1665 a
423 1609 504 1684 lapsu
517 1619 648 1684 possent3
676 1627 741 1680 nec,
756 1607 804 1682 qui
819 1607 963 1682 paululum
978 1606 1159 1679 titubassent,

325 1687 413 1744 afflicti
427 1687 546 1762 vestigio
565 1706 635 1756 suo;
667 1685 770 1760 aliique
784 1704 869 1761 super
883 1685 962 1757 alios,
978 1695 1007 1742 et
1027 1683 1158 1761 jumenta
1177 1745 1178 1750 χ

317 1785 377 1832 nes,
391 1765 565 1822 occiderent.
585 1793 600 1822 0

237 1917 378 2006 ²JXVI.
407 1922 534 1980 Ventum
549 1921 653 1979 deinde
675 1921 710 1978 ad
732 1919 821 1981 multd
842 1921 1034 1998 angustiorem
1050 1939 1159 1996 rupem,

226 1979 252 2079 ξ,
264 2011 281 2064 Ξ
294 1999 332 2056 ita
345 2001 430 2057 rectis
444 2001 528 2072 sartis,
544 2015 575 2058 ut
590 1999 665 2076 aegrb
679 2001 830 2075 expeditus
852 2000 933 2056 miles
954 1999 1159 2072 tentabundus,

226 2073 381 2158 gfbusque
404 2079 531 2136 retinens
552 2079 674 2153 virgulta
700 2098 734 2135 ao
762 2079 863 2154 stirpes
890 2076 969 2136 circd
989 2078 1159 2148 eminentes,

222 2161 249 2202 δ’
264 2141 343 2212 ittera
357 2176 419 2214 sese
433 2167 537 2232 posset.
579 2157 688 2214 Natura
702 2157 782 2214 locus
804 2159 862 2234 jam
888 2157 953 2214 ante
967 2173 1102 2231 praeceps,
1117 2175 1161 2212 re-

227 2232 273 2320 gti
287 2233 365 2308 lapsu
380 2246 461 2292 terrae
475 2235 505 2291 in
518 2231 628 2310 pedum.
643 2235 719 2292 mille
744 2237 896 2294 admodum
919 2235 1097 2292 altitudinem
1112 2235 1161 2292 ab·

217 2321 292 2386 ptus
306 2323 374 2370 erat.
416 2313 571 2388 Ibiquum‚
587 2313 712 2370 velutad
733 2314 820 2372 finem
841 2315 903 2385 viae,
925 2307 1034 2388 equites
1054 2313 1160 2370 consti-

211 2399 302 2460 .ssent,
324 2391 436 2448 miranti
458 2391 625 2460 Hannibali,
640 2411 702 2466 quae
722 2411 768 2449 res
788 2403 944 2450 moraretur
958 2411 1072 2468 agmen,
1087 2411 1159 2450 nun·

196 2465 289 2538 riatur,
304 2487 403 2544 rupem
419 2470 522 2526 inviam
537 2489 619 2526 esse:
651 2471 796 2546 digressus
818 2471 999 2547 deindelipse
1014 2472 1049 2528 ad
1063 2471 1158 2528 locum

195 2544 352 2602 visendum.
395 2548 482 2604 Haud
496 2548 583 2604 dubia
602 2567 648 2605 res
660 2550 738 2623 grisa,
759 2551 827 2625 quin
849 2569 898 2625 per
913 2549 989 2606 invia
1001 2548 1081 2606 circa
1101 2568 1157 2606 nec

194 2623 260 2678 trita
278 2635 371 2693 antea,
395 2627 524 2700 quamvis
546 2626 632 2702 longo
656 2627 773 2698 ambitu,
795 2628 1024 2685 circumduceret
1044 2645 1158 2702 agmen.

194 2699 239 2756 Ea
254 2701 318 2758 verb
339 2704 383 2760 via
403 2705 602 2780 insuperabilis
627 2705 697 2762 fuit:
729 2725 805 2776 narn,
819 2725 906 2780 quum
928 2724 1012 2780 super
1033 2716 1158 2762 veterem

194 2779 287 2846 nivem
310 2781 445 2840 intactam
472 2801 545 2838 nova
565 2783 684 2840 modica
706 2784 863 2842 altitudinis
890 2795 975 2850 esset,
1005 2783 1082 2840 molli
1102 2803 1158 2842 nec

159 2857 315 2932 aopraealtae
342 2861 400 2917 nivi
429 2859 511 2918 sacili
540 2861 628 2936 pedes
658 2861 880 2938 ingredientium
902 2861 1091 2919 insistebant:
1126 2873 1158 2920 ut

194 2934 258 2991 verb
279 2947 320 2994 tot
341 2938 486 2996 hominum
505 2939 755 3014 jumentorumque
776 2941 891 2998 incessu
912 2941 1021 3015 dilapsa
1034 2950 1088 3015 est,
1108 2959 1158 3015 per

193 3013 299 3070 nudam
314 3015 388 3072 infra
401 3017 523 3092 glaciem
545 3017 738 3093 fluentemque
762 3019 857 3076 tabem
879 3018 1063 3093 liquescentis
1084 3018 1158 3076 nivis

193 3091 434 3167 ingrediebantur.
476 3093 567 3152 Tetra
580 3096 619 3152 ibi
633 3096 751 3154 luctatio
764 3108 834 3164 erat,
859 3108 891 3154 ut
905 3116 921 3153 a
933 3097 1043 3154 lubrica
1064 3097 1157 3174 glacie

168 3177 172 3184 '
193 3184 250 3226 non
265 3172 421 3246 recipiente
436 3175 595 3248 vestigium,
610 3185 639 3231 et
659 3175 688 3232 in
710 3195 798 3249 prono
819 3173 903 3232 citids
926 3176 999 3252 pede
1013 3195 1043 3233 se
1058 3175 1157 3234 fallen-

158 3258 241 3316 a5te3
263 3259 299 3319 et,
315 3269 364 3306 seu
377 3252 508 3309 manibus
523 3252 551 3308 in
567 3253 742 3328 assurgendo
763 3263 814 3310 seu
837 3273 913 3330 genu
928 3273 958 3312 se
973 3255 1156 3330 adjuvissent,

193 3325 261 3400 ipsis
276 3327 461 3390 adminiculis·
470 3330 591 3406 prolapsi
613 3331 636 3388 si
651 3332 752 3389 iterum
773 3333 954 3400 corruissent,
977 3353 1032 3390 nec
1056 3334 1157 3409 stirpes

193 3403 272 3462 circa
286 3405 441 3474 radicesue,
456 3409 492 3464 ad
506 3427 576 3482 quas
589 3410 662 3482 pede
676 3420 725 3467 aut
738 3407 824 3467 manu
847 3411 994 3486 quisquam
1008 3413 1077 3470 eniti
1093 3431 1156 3488 pos-
1226 3464 1233 3478 ,

193 3492 245 3550 set,
260 3495 361 3553 erant3
383 3486 423 3542 ita
436 3486 465 3543 in
480 3487 534 3543 levi
553 3489 668 3545 tanturn
682 3487 774 3563 glacie
795 3490 945 3564 tabidaque
971 3490 1035 3546 nive
1050 3491 1156 3548 voluta·

193 3559 314 3619 bantur:
344 3563 474 3638 jumenta
498 3565 635 3623 secabant
657 3565 799 3624 interdurn
819 3569 923 3644 etjam
945 3574 1005 3625 tu'm
1027 3569 1154 3626 infimam

158 3638 382 3715 reingredientia
396 3644 500 3710 nivern,
520 3654 549 3700 et
569 3645 697 3720 prolapsa
715 3645 858 3722 jactandis
881 3646 993 3721 gravius
1013 3647 1042 3703 in
1064 3643 1155 3702 conti·

192 3719 288 3776 nendo
309 3721 431 3796 ungulis,
453 3722 567 3795 penitus
587 3723 820 3800 perfringebant:
861 3735 893 3781 ut
913 3726 1055 3799 pleraque,
1078 3723 1151 3783 velut

191 3797 294 3872 pedica
308 3810 398 3874 capta,
414 3801 555 3934 haerp‘qent
568 3801 596 3858 in
612 3802 711 3859 durata
725 3813 754 3859 et
767 3801 822 3859 alte
836 3803 972 3860 concreti
986 3802 1087 3870 ¹glacie.
