2632 4224
5 759 24 840 Γ

5 985 8 1101 L
74 1029 84 1047 .

460 354 464 358 ’
554 357 659 408 LIBER
676 356 695 406 l.
729 369 790 406 cae.
801 369 871 404 xxix.
1155 349 1185 410 M

235 495 256 530 “
266 513 366 572 arguo,
379 499 505 558 omnium
520 499 696 558 Albanorum
711 511 770 557 est:
792 497 894 556 ducem
909 489 1000 552 sectili
1014 505 1098 560 sunt3
1122 503 1152 549 ut
1165 505 1190 548 et

237 575 256 609 “
269 593 329 643 vos,
343 577 367 634 si
380 577 435 652 qud
449 597 503 654 ego
517 580 583 637 inde
593 599 695 654 agmen
711 577 854 636 declinare
869 575 1029 638 voluissem,
1044 571 1191 628 fecissetis.

239 657 257 688 ‘⁴
271 651 376 711 Mettus
391 656 436 712 ille
457 669 501 716 est
522 659 621 716 ductor
635 656 745 714 itineris
766 656 859 730 hujus,
883 652 989 709 Mettus
1012 651 1086 706 idam
1110 650 1194 724 hujus

239 731 258 764 “
270 734 527 804 machinatorbelli‚
541 736 648 794 Mettus
658 735 773 792 foed'eris
781 731 906 791 Romani
919 729 1078 804 Albanique
1088 739 1193 802 ruptor.

133 832 141 848 =
218 811 258 864 ⁵“
270 808 383 868 Audeat
397 813 501 870 deinde
516 815 581 872 talia
595 813 676 880 alius,
694 813 748 870 nisi
763 813 792 870 in
814 813 892 868 hunc
914 809 1024 884 insigne
1036 809 1093 884 jam
1109 808 1197 863 docu-

151 935 164 954 ,,
239 891 396 946 “mentum
421 893 583 949 mortalibus
604 892 737 948 dedero.'’
789 889 980 948 Centuriones
1001 885 1099 943 armati
1123 885 1196 942 Met·

238 977 298 1022 tum
325 967 557 1028 circumsistunt:
602 963 652 1027 rex
678 981 790 1040 cetera,
818 979 849 1025 ut
875 985 956 1026 orsus
982 975 1052 1036 erat,
1078 963 1194 1040 peragit.

239 1044 356 1105 “Quas
380 1047 497 1120 bonum,
519 1049 651 1118 faustum,
674 1047 798 1122 felixque
820 1047 856 1103 sit
882 1043 985 1121 populo
1008 1043 1140 1100 Romano
1161 1059 1197 1099 ae

240 1123 349 1193 “mihi,
364 1125 506 1200 vobisque,
529 1127 650 1194 Albani3
679 1125 812 1201 populum
833 1141 948 1181 omnem
971 1121 1115 1179 Albanum
1138 1120 1198 1178 Ro-

209 1203 345 1257 1⁰“mam
360 1204 508 1262 traducere
523 1205 552 1262 in
574 1205 741 1272 animoest;
771 1203 914 1258 civitatem
939 1199 1113 1275 daraplebi;
1143 1197 1198 1273 pri·

171 1346 175 1355 ,
241 1281 259 1314 “
272 1297 363 1349 mores
377 1281 405 1337 in
421 1281 517 1339 Patres
532 1283 644 1358 legere3
666 1300 753 1338 unam
768 1281 877 1345 urbem,
892 1297 978 1335 unam
993 1277 1197 1352 rempublicam

240 1360 259 1392 “
274 1357 376 1416 facere.
417 1359 455 1417 Ut
468 1381 505 1418 ex
518 1381 576 1418 uno
589 1361 731 1436 quondam
747 1359 776 1415 iu
790 1359 861 1414 duos
875 1356 992 1432 populos
1006 1355 1096 1412 divisa
1111 1356 1198 1412 Alba-

240 1438 259 1470 “
271 1455 307 1492 na
321 1453 365 1494 res
379 1449 432 1505 est,
447 1439 488 1495 sic
510 1457 588 1495 nunc
613 1439 641 1495 in
666 1457 754 1494 unum
776 1435 904 1493 redeat.”
947 1434 992 1490 Ad
1007 1433 1070 1490 hac
1085 1433 1200 1490 Albana

240 1515 340 1590 pubes,
355 1515 470 1573 inermis
485 1517 520 1572 ab
534 1516 649 1574 armatis
663 1529 751 1592 septa,
767 1515 795 1572 in
811 1515 893 1571 variis
907 1513 1107 1571 voluntatibus.
1123 1531 1199 1569 com-

207 1601 231 1640 ¹⁵
241 1587 319 1649 muni
334 1603 429 1652 tamen
444 1605 521 1652 metu
545 1604 676 1670 cogente,
691 1593 835 1650 silentium
856 1603 941 1652 tenet.
983 1591 1061 1648 Tum
1083 1591 1199 1657 Tullus,

240 1673 259 1705 “
272 1670 361 1727 Mette
376 1671 512 1740 suueu‚¹‘
527 1673 628 1748 inquit,
650 1672 702 1729 “si
724 1672 782 1746 ipse
804 1671 914 1728 discere
936 1689 1033 1745 posses
1057 1670 1142 1726 tidem
1165 1688 1199 1726 ae

240 1752 259 1785 “
271 1747 379 1806 foedera
393 1769 512 1823 servare,
526 1751 589 1808 vivo
602 1750 653 1807 tibi
667 1767 702 1807 ea
720 1749 871 1824 disciplina
884 1767 902 1805 a
914 1767 960 1805 me
975 1748 1101 1806 adbibita
1115 1760 1198 1804 esset.

240 1832 259 1863 ‘⁴
271 1827 300 1884 N
304 1845 369 1894 unc,
384 1829 517 1902 quoniam
532 1839 612 1886 tuum
634 1828 791 1886 insanabile
816 1828 963 1902 ingenium
985 1838 1037 1892 est,
1062 1837 1090 1883 at
1105 1838 1134 1883 tu
1149 1839 1199 1884 tuo

240 1905 409 1980 “supplicio
422 1907 494 1964 doce
508 1907 664 1964 humanum
678 1925 770 1982 genus
793 1925 828 1962 ea
851 1916 950 1963 sancta
963 1905 1090 1969 credere,
1105 1923 1167 1978 quse
1183 1923 1201 1961 a

206 1989 259 2030 Μ
271 1995 298 2041 te
313 1984 414 2040 violata
428 1995 503 2042 sunt.
543 1985 581 2042 Ut
597 1985 681 2060 igitur
694 1981 777 2060 pauld
791 1984 856 2040 anti
881 1985 1007 2040 animum
1029 1983 1102 2041 inter
1116 1983 1201 2040 Fide·
1234 2043 1237 2050 Δ

241 2067 259 2099 “
272 2074 366 2119 uatem
381 2061 598 2137 Romanamque
612 2081 671 2119 rem
691 2061 843 2136 ancipitem
856 2061 987 2138 gessisti,
1009 2061 1048 2117 ita
1067 2061 1125 2136 jam
1141 2080 1201 2118 cor·

136 2155 150 2180 ·
244 2147 326 2216 “pus
349 2139 452 2214 passim
474 2141 686 2198 distrahendum
704 2140 814 2196 dabis.”
863 2139 989 2204 Exinde,
1014 2139 1124 2196 duabus
1152 2139 1201 2195 ad-

243 2219 327 2277 motis
341 2217 494 2294 quadrigis,
509 2219 538 2276 in
552 2237 651 2276 currus
671 2237 770 2276 earum
784 2218 938 2276 distentum
954 2209 1043 2293 illigat
1057 2217 1180 2274 Mettum
1194 2239 1200 2276 ι

235 2298 346 2356 ¹deinde
361 2298 390 2352 in
404 2297 545 2354 diversum
571 2297 623 2354 iter
636 2297 701 2372 equi
721 2297 865 2365 concitati,
888 2297 1014 2355 lacerum
1039 2297 1068 2353 in
1083 2313 1200 2370 utroque

148 2401 150 2405 ·
208 2379 326 2434 2ficurru
341 2393 452 2450 corpus,
474 2376 530 2450 qud
552 2375 722 2432 inuaserant
743 2375 865 2432 vinculis
889 2375 1026 2445 membra,
1048 2387 1200 2450 portantes.

242 2451 378 2512 Avertere
402 2472 501 2510 omnes
525 2471 542 2510 a
565 2456 642 2510 tanta
667 2453 794 2510 soeditate
818 2453 972 2528 spectaculi
992 2453 1099 2510 oculos.
1141 2453 1199 2512 Pri·

240 2552 318 2591 mum
333 2531 463 2588 ult'mum
485 2551 502 2588 u
535 2531 604 2588 illud
629 2531 798 2606 supplicium
823 2533 897 2606 apud
916 2531 1065 2588 Romanos
1079 2531 1200 2606 exempli

241 2629 339 2686 parum
354 2549 487 2666 nieirloii
497 2551 606 2686 iegum
628 2611 815 2666 humanarum
841 2610 913 2666 suit:
947 2609 975 2664 in
1001 2607 1064 2664 aliis
1087 2609 1202 2684 gloriari

240 2690 318 2760 licet,
332 2689 402 2745 nulli
417 2688 544 2764 gentium
559 2689 684 2746 mitiores
698 2688 838 2763 placuisse
853 2705 961 2762 poenas.

194 2823 232 2887 '³⁰
279 2845 396 2904 XXIX.
418 2845 496 2903 inter
510 2847 574 2904 haec
585 2846 643 2923 jam
658 2845 795 2921 praemissi
811 2845 914 2902 Albam
928 2855 1009 2903 erant
1019 2843 1139 2920 equites,
1153 2848 1201 2924 qui

241 2925 452 2982 multitudinem
466 2925 648 2998 traducerent
662 2925 794 2981 Romam.
837 2923 979 3000 Legiones
987 2920 1091 2980 deinde
1106 2925 1202 2984 ductae

207 2999 277 3107 {ad
291 3003 457 3059 diruendam
473 3003 583 3059 urbem.
623 3003 700 3064 Quae
716 3003 763 3058 ubi
779 3003 919 3060 intravere
941 3011 1046 3076 portas,
1069 3021 1124 3059 uon
1141 3007 1203 3079 qui·

220 3125 225 3136 .
241 3081 305 3138 dem
321 3081 373 3138 luia
387 3081 523 3138 tumultus
542 3081 599 3153 ille,
621 3097 676 3137 nec
698 3098 792 3156 pavor,
814 3081 905 3155 qualis
919 3091 1064 3154 captarum
1079 3099 1142 3139 esse
1157 3102 1203 3140 ur·
1221 3081 1223 3084 ’

212 3141 318 3228 {bium
333 3157 419 3228 solet;
454 3179 552 3233 quum,
576 3159 700 3216 effractis
722 3159 817 3232 portis,
842 3159 970 3215 stratisve
992 3157 1079 3216 ariete
1101 3163 1202 3234 muris,

221 3247 290 3294 .aut
303 3256 368 3294 aree
383 3237 409 3294 vi
424 3240 514 3312 capti,
530 3238 636 3294 clamor
651 3237 759 3293 hostilis
772 3247 801 3294 et
815 3256 915 3294 cursus
928 3257 978 3312 per
996 3239 1095 3296 urbem
1111 3257 1203 3297 arma·

208 3295 227 3403 ξ
242 3325 332 3372 torum
347 3315 443 3372 omnia
457 3315 530 3372 ferro
549 3315 717 3388 flammaque
741 3314 842 3372 miscet
855 3335 861 3371 ε
891 3317 941 3372 sed
963 3316 1107 3374 silentium
1122 3319 1201 3376 trista

212 3424 227 3468 ὁ
242 3411 276 3449 ac
290 3393 518 3450 tacitamoestitia
532 3394 571 3450 ita
584 3393 682 3450 defixit
699 3393 827 3450 omnium
852 3394 970 3460 animos,
994 3405 1034 3461 ut,
1049 3413 1107 3470 prae
1122 3407 1200 3454 metu

206 3471 329 3539 “obliti
345 3471 413 3546 quid
427 3471 628 3546 relinquerent,
643 3471 711 3546 quid
725 3490 823 3528 secum
838 3472 953 3538 ferrent,
967 3473 1119 3531 deficiente
1134 3493 1202 3531 con-

241 3550 312 3618 silio,
325 3549 535 3625 rogitantesque
549 3550 596 3608 alii
611 3550 690 3615 alios,
702 3569 781 3607 nunc
792 3551 824 3618 in
833 3549 979 3607 liminibus
990 3563 1105 3620 starent,
1120 3571 1200 3609 nunc

208 3627 396 3692 narrabuutli
411 3627 597 3701 domossuas,
613 3629 742 3686 ultimum
765 3628 834 3685 illud
855 3627 950 3694 visuri,
970 3642 1200 3704 pervagarentur.

242 3704 281 3763 Ut
295 3704 362 3763 verb
373 3705 432 3781 jam
446 3700 573 3781 equitum
618 3725 695 3763 amor
717 3708 794 3763 exire
813 3705 974 3780 jubentium
998 3706 1129 3772 instabat,
1142 3707 1201 3780 jam

243 3783 336 3860 fragor
358 3793 506 3856 tectorum,
530 3707 813 3869 qusessanebantur,
841 3781 946 3838 ultimis
971 3781 1048 3838 urbis
1074 3784 1201 3856 partibus

556 3861 594 3918 3*
690 3870 695 3881 ‘
