2630 4228
158 375 217 438 ηρ
552 367 721 420 mrrmvn

158 533 240 576 reum
271 514 346 570 hand
376 511 495 568 dubium
529 510 590 585 ejus
619 528 710 580 noxae,
738 505 959 583 approbantibus
993 505 1116 582 cunetis,
1147 527 1149 533 ’

156 595 192 650 de
206 611 274 648 saxo
287 590 401 665 dejecit.
443 587 515 644 Inde
530 587 696 644 intentiores
717 587 858 660 utrimque
882 585 1019 642 custodite
1033 603 1115 654 esse3

154 681 184 726 et
197 669 271 742 apud
285 667 391 736 Gallos,
405 665 472 740 quia
485 664 630 739 vulgatum
644 674 713 735 erat,
738 664 815 720 inter·
835 663 924 737 Vejos
935 663 1117 737 Romamque

155 746 272 803 nuntios
285 761 462 812 commeare3
483 753 513 798 et
525 742 600 816 apud
619 741 776 812 Romanos,
800 741 837 796 ab
850 740 983 798 nocturni
996 739 1117 816 periculi

155 821 302 880 memorii.
1138 828 1151 868 s

193 973 335 1033 XLVIII.
358 974 426 1040 Sed,
441 983 507 1030 ante
519 971 616 1031 omnia
628 971 784 1030 obsidionis
794 971 917 1046 bellique
928 969 1012 1039 mala,
1028 969 1116 1028 fames

153 1064 303 1127 utrumque
317 1052 476 1109 exercitum
487 1050 608 1126 urgebat
618 1069 625 1119 ;
640 1050 736 1106 Gallos
747 1050 909 1127 pestilentia
918 1049 1014 1120 etiam,
1024 1067 1116 1123 ,quum

153 1130 217 1187 loco
240 1129 355 1204 jacente
377 1129 450 1185 inter
470 1127 594 1184 tumulos
614 1137 707 1185 castra
720 1127 940 1198 habentes,tum
961 1127 997 1182 ab
1018 1126 1126 1184 incen·'

154 1207 209 1263 diis
235 1207 341 1264 torrido
361 1216 390 1262 et
411 1205 521 1280 vaporis
551 1204 858 1278 pleno‚,cineremque‚
887 1222 944 1260 non
970 1203 1116 1277 pulverem

153 1282 247 1350 rnodd,
263 1284 381 1350 ferente,
396 1301 483 1356 quum
496 1281 564 1355 quid
574 1281 650 1337 venti
661 1291 768 1336 motum
779 1292 873 1338 esset:
887 1299 1005 1355 quorum
1018 1281 1116 1337 intole·
1126 1295 1150 1334 ιο

152 1359 314 1417 rantissima
327 1379 408 1434 gens,
421 1359 587 1432 humorique
601 1376 635 1414 ac
649 1357 745 1432 srigori
756 1369 878 1429 assueta,
892 1376 990 1432 quum,
1005 1368 1074 1414 aestu
1087 1367 1117 1414 et

153 1455 260 1512 angore
274 1447 383 1502 vexata,
398 1435 518 1509 vulgatis
542 1434 618 1491 velut
641 1435 670 1490 in
695 1452 787 1509 pecua
809 1435 924 1506 morbis,
943 1445 1115 1503 moreretur3

155 1513 210 1569 'am
224 1513 339 1588 pigritia
353 1511 480 1586 singulos
493 1511 659 1585 sepeliendi,
684 1511 844 1584 promiscue
860 1521 1005 1568 acervatos
1018 1529 1117 1568 cumu-

163 1609 196 1646 0s
209 1590 355 1646 hominum
370 1589 489 1645 urebant
497 1608 505 1658 ;
536 1589 744 1661 Bustorumque
758 1589 825 1644 inde
838 1589 1014 1646 Gallicorum
1028 1589 1116 1646 nomi·

152 1684 190 1724 ne
204 1666 348 1740 insignem
362 1666 458 1723 locum
472 1665 575 1722 facire.
616 1665 746 1722 Induciae
760 1665 864 1722 deinde
886 1684 953 1722 cum
973 1666 1115 1722 Romanis
1126 1679 1150 1722 15

154 1741 246 1808 factae,
261 1753 290 1798 et
303 1743 443 1816 colloquia
456 1743 594 1817 permissu
609 1742 808 1816 imperatorum
823 1742 937 1799 habita:
969 1742 1116 1817 inquibus

153 1837 241 1892 quum
256 1819 411 1876 identidem
433 1819 507 1876 Galli
528 1820 632 1876 famem
652 1819 820 1894 objicerent,
842 1822 932 1892 eique
945 1820 1115 1876 necessitate

154 1896 191 1952 ad
213 1896 388 1953 deditionem
412 1906 556 1971 vocarent,
578 1897 691 1967 dicitur,
713 1897 872 1952 avertendae
893 1897 955 1971 ejus
974 1897 1123 1970 opinionis·

153 1972 252 2045 causti,
268 1973 364 2030 multis
386 1973 457 2030 locis
477 1974 559 2048 panis
579 1974 615 2030 de
630 1973 771 2046 Capitolio
781 1973 905 2047 jactatus
918 1992 981 2029 esse
1002 1975 1032 2030 in
1055 1975 1116 2030 hos·

152 2049 224 2106 tium
238 2050 382 2110 stationes.
425 2051 483 2106 Sed
493 2051 551 2125 jam
566 2069 657 2125 neque
672 2049 843 2106 dissimulari
858 2068 949 2124 neque
965 2050 1029 2107 ferri
1044 2049 1150 2108 ultrdac

153 2125 243 2184 fames
255 2137 373 2201 poterat.
414 2126 523 2202 Itaque,
539 2127 607 2184 dum
629 2128 749 2184 dictator
769 2127 911 2184 delectum
936 2147 992 2202 per
1007 2147 1038 2184 se
1062 2129 1116 2185 Ar·

152 2203 215 2259 deae
229 2205 325 2275 habet,
339 2205 505 2280 magistrum
518 2205 645 2278 equitum
660 2204 693 2260 L.
708 2204 854 2271 Valerium
869 2204 979 2279 aVejis
993 2205 1116 2262 abduce-

152 2298 183 2336 re
196 2281 353 2337 exercitum
364 2281 464 2355 jubet3
498 2292 587 2355 parat,
611 2279 790 2354 instruitque,
810 2281 913 2355 quibus
935 2283 1011 2338 haud
1026 2283 1115 2356 impar

78 2379 84 2413 ,·
153 2357 296 2413 adoriatur
309 2358 420 2414 hostes:
449 2357 561 2414 interim
576 2357 754 2432 Capitolinus
774 2359 924 2429 exercitus,
946 2360 1115 2430 stationibus

152 2433 311 2507 vigiliisque
326 2434 424 2502 sessus,
448 2435 587 2510 superatis
607 2446 703 2492 tamen
725 2435 857 2492 humanis
869 2436 1002 2494 omnibus
1023 2438 1150 2510 malisse

152 2529 240 2584 quum
260 2509 362 2567 samem
388 2530 475 2568 unam
495 2523 597 2569 natura
617 2512 694 2569 vinci
709 2531 768 2570 non
782 2513 898 2580 sineret,
913 2514 989 2570 diem
1010 2515 1047 2570 de
1068 2515 1115 2572 die

152 2599 346 2662 prospectans,
360 2589 471 2663 ecquod
485 2590 625 2648 auxilium
649 2590 685 2646 ab
699 2591 838 2650 dictatore
852 2602 1018 2665 appareret;
1053 2611 1115 2667 pos·

152 2663 243 2722 tremd
256 2683 306 2740 spe
320 2685 429 2741 quoque
441 2667 510 2742 jam,
532 2686 589 2725 non
601 2666 691 2726 soldm
704 2668 778 2738 cibo,
790 2667 952 2736 deficiente,
967 2680 1005 2736 et,
1027 2689 1116 2743 quum

152 2743 289 2799 stationes
315 2743 511 2818 procederent,-
536 2745 621 2820 propri
640 2745 828 2804 'obruentibus
848 2745 991 2802 infirmum
1012 2766 1115 2822 corpus

152 2820 247 2890 armis,
262 2820 305 2876 vel
320 2821 395 2890 dedi,
409 2822 452 2878 vel
467 2822 568 2878 redimi
590 2841 629 2892 se,
651 2825 831 2896 qudcumque
844 2823 976 2897 pactione
990 2836 1114 2900 possent,
1123 2835 1149 2876 aa

148 2897 249 2972 jussit;
268 2897 443 2972 jactantibus
456 2918 513 2956 non
528 2899 647 2957 obscure
662 2900 761 2971 Gallis,
776 2901 851 2956 haud
863 2902 968 2975 magud
982 2903 1115 2959 mercede

152 2992 183 3030 ee
197 2974 312 3031 adduci
325 2993 416 3048 posse,
439 2987 471 3032 ut
490 2977 667 3034 obsidionem
689 2977 858 3052 relinquant.
900 2977 980 3035 Tum
999 2991 1115 3038 senatus

152 3051 276 3117 habitus,
304 3052 481 3126 tribunisque
503 3053 623 3110 militum
643 3055 790 3129 negotium
811 3056 917 3126 datum,
939 3067 971 3113 ut
990 3057 1116 3130 pacisce·

93 3141 97 3147 ’
152 3138 258 3184 rentur.
313 3129 386 3186 Inde
414 3130 488 3188 inter
517 3130 558 3192 Q.
580 3132 739 3206 Sulpicium
770 3133 916 3190 tribunum
944 3135 1066 3191 militum
1086 3145 1116 3192 et

151 3203 299 3260 Brennum
320 3207 449 3280 regulum
469 3209 615 3266 Gallorum
631 3209 775 3284 colloquio
788 3220 931 3268 transacta
945 3231 990 3268 res
1002 3223 1065 3280 est3
1086 3222 1149 3284 et³⁵⁴

151 3281 229 3338 mille
250 3283 344 3356 pondo
365 3285 426 3340 auri
447 3287 567 3360 pretium
594 3287 689 3361 populi
710 3288 844 3363 gentibus
864 3307 929 3345 mou
950 3289 1115 3364 imperaturi
1139 3344 1148 3359 ,

151 3357 268 3416 factum.
323 3359 391 3426 Rei,
414 3361 575 3420 loedissimae
595 3383 646 3439 per
676 3384 716 3433 se,
745 3366 856 3440 adjecta
877 3365 1031 3442 indignitas
1051 3378 1114 3424 est:

151 3437 278 3510 pondera
293 3437 329 3494 ab
343 3438 434 3496 Gallis
448 3439 532 3497 allata
545 3441 652 3516 iniqua,
666 3453 703 3513 et,
728 3443 843 3500 tribuno
855 3455 1015 3516 recusante,
1037 3445 1115 3501 addi-

150 3523 197 3570 tus
221 3517 258 3571 ab
279 3515 420 3573 insolente
443 3518 526 3575 Gallo
546 3520 664 3592 ponderi
686 3521 815 3595 gladius:
849 3521 1000 3598 auditaque
1015 3523 1115 3581 intole-

150 3591 240 3650 randa
254 3592 395 3652 Romanis
409 3613 471 3664 vor,
494 3606 513 3632 ‘⁴
525 3595 577 3652 Vre
592 3597 673 3654 victis
686 3597 785 3657 esse.’'
1123 3610 1148 3650 ⁴⁰
