2630 4228
156 339 215 406 176
465 343 468 347 ·
557 335 626 388 'nm
643 331 729 386 letl

156 483 294 542 Ticinum
308 497 431 548 amnem,
446 479 531 536 amhn
543 475 686 552 aliquanti
699 477 760 552 pdst
783 476 820 533 ad
845 471 995 548 Trebiam,
1008 489 1120 552 pugna-

92 595 95 602 ·
156 561 255 616 verint.
297 559 357 614 Aut
369 557 466 614 omnia
480 555 607 612 breviora
620 552 762 627 aliquautd
777 553 868 623 fuere,
893 566 942 610 aut
956 554 1121 628 Saguntum

157 635 296 712 principio
310 635 388 700 anni,
412 653 468 708 quo
489 633 519 690 P.
535 631 696 702 Cornelius,
721 631 769 688 Τί.
785 629 971 705 Sempronius
984 631 1119 688 consules

158 715 279 783 fuerunt,
294 731 352 768 non
367 726 490 786 creptum
504 709 661 788 oppugnari
674 718 724 777 est,
740 707 790 764 sed
805 719 930 781 captum.
971 707 1048 764 Nam
1069 727 1117 766 ex·

157 791 277 847 cessisse
290 807 387 864 pugna
399 789 434 844 ad
446 787 583 846 Trebiam
598 786 627 842 io
641 803 748 842 aunum
762 784 818 842 Cn.
834 785 945 842 Servilii
959 795 989 852 et
1002 785 1037 841 C.
1052 785 1119 842 Fla·
1138 800 1153 840 a

157 868 237 924 minii
253 885 309 923 non
325 876 434 940 potest:
454 865 521 939 quia
535 863 694 920 Flaminius
708 861 832 918 Arimini
849 862 1029 920 consulatum
1043 863 1116 933 lniit,

158 955 270 1000 creatus
293 943 329 1000 ab
350 941 398 998 Ti.
423 941 591 1016 Sempronio
612 939 748 1007 consule3
781 938 839 1014 qui,
859 951 923 1013 post
942 957 1072 1014 pugnam
1081 941 1118 996 ad
1170 1004 1173 1007 ,

158 1022 295 1078 Trebiam
310 1021 346 1076 ad
359 1021 498 1076 creandos
511 1017 644 1076 consules
669 1017 791 1073 Romam
814 1035 902 1091 quum
923 1018 1055 1086 venisset,
1070 1035 1120 1074 co-

160 1099 246 1156 mitiis
259 1097 392 1173 perfectis
405 1097 440 1153 ad
454 1095 612 1154 exercitum
626 1095 655 1151 iu
670 1093 790 1150 hiberna
800 1094 892 1152 rediit.

144 1309 149 1328 Ι
198 1252 281 1309 XVI.
315 1251 376 1308 Sub
397 1252 471 1308 idem
496 1249 553 1308 ferd
574 1261 685 1324 tempus
705 1259 734 1305 et
748 1249 848 1324 legati,
869 1249 918 1324 qui
938 1248 1082 1306 redierant
1102 1265 1154 1305 aro

159 1329 343 1406 Carthagine,
352 1329 475 1388 Romam
487 1328 650 1396 retulerunt,
662 1326 758 1384 omnia
767 1327 879 1384 hostilia
889 1343 961 1390 esse,
969 1336 998 1382 et
1008 1327 1119 1402 Sagun-

158 1409 180 1464 ti
195 1407 352 1470 exscidium
363 1407 523 1463 condatum
540 1415 600 1462 est:
631 1415 781 1478 tantusque
796 1403 879 1460 simul
894 1421 996 1460 moernr
1010 1403 1118 1476 Patres,

159 1484 407 1558 misericordiaque
434 1483 574 1539 sociorum
596 1491 803 1556 peremptorum
824 1481 952 1556 indigne,
979 1492 1008 1538 et
1029 1481 1119 1555 pudor

159 1581 216 1618 non
230 1562 278 1620 lati
293 1559 400 1632 auxilii,
413 1571 442 1617 et
456 1560 498 1616 ira
511 1560 540 1616 in
555 1559 817 1633 Carthaginienses,
832 1569 979 1634 metusque
993 1559 1029 1614 de
1043 1577 1119 1616 sum-

160 1639 314 1696 materam
329 1639 413 1711 cepit,
438 1638 514 1694 velut
526 1638 550 1694 si
569 1635 628 1712 jam
643 1637 678 1692 ad
694 1647 786 1710 portas
801 1637 888 1696 hostis
900 1647 993 1705 esset3
1024 1647 1065 1708 ut,
1079 1647 1118 1694 tot
1130 1653 1155 1692 ra

159 1735 217 1772 uno
229 1727 355 1789 tempore
368 1715 490 1772 motibus
503 1715 591 1771 animi
605 1714 719 1779 turbati,
734 1713 907 1788 trepidarent
919 1715 1019 1788 magis,
1032 1713 1118 1788 quiam

146 1786 348 1850 'consulerent
390 1792 465 1850 Nam
491 1810 583 1867 neque
605 1793 713 1848 hostem
740 1792 877 1848 acriorem
902 1792 1120 1848 bellicosiorem·

159 1887 214 1944 que
237 1889 335 1926 secum
356 1889 558 1945 trangressum
592 1887 647 1944 nec
668 1887 728 1924 rem
744 1868 905 1926 Romanam
919 1881 976 1926 tam
991 1869 1119 1926 desidem

158 1965 283 2022 unquam
298 1947 384 2004 fuisse
403 1958 485 2021 atque
510 1947 676 2023 imbellem.¹
703 1945 817 2012 Sardos,
840 1947 1009 2020 Corsosque,
1027 1958 1058 2004 et
1078 1947 1120 2004 ls-

159 2037 225 2096 trcs,
240 2037 322 2099 atque
338 2025 457 2099 illyrios,
479 2024 627 2097 lacessisse
649 2023 750 2099 magis,
771 2024 855 2096 quam
872 2024 1046 2094 exercuisse,
1061 2025 1155 2100 ilo-on

159 2121 245 2159 manu
264 2121 359 2171 arma3
380 2114 488 2160 etcum
502 2102 592 2159 Gallis
605 2102 807 2158 tumultuatum
822 2100 922 2174 veritis,
936 2100 1020 2175 quim
1041 2101 1120 2158 belli-

158 2191 296 2255 geratum.
338 2181 467 2249 Poeuum,
483 2180 591 2238 hostem
614 2189 788 2243 veteranum,
810 2179 894 2236 trium
908 2189 938 2254 et
951 2180 1049 2254 viginti
1071 2199 1120 2236 an-

159 2275 259 2314 norum
275 2257 375 2314 militiai
388 2257 538 2314 durissimi
552 2257 625 2314 inter
639 2256 783 2330 Hispanas
795 2267 896 2329 gentes
909 2275 1020 2331 semper
1033 2258 1120 2320 ricto·

158 2353 227 2402 rem,
242 2333 364 2407 primirm
386 2333 560 2399 Hamilcare,
580 2331 686 2390 deiude
707 2333 896 2401 Hasdrubale,
915 2353 994 2390 nunc
1009 2335 1121 2392 Hanni·

159 2411 221 2466 hale
236 2412 309 2466 duce
324 2410 462 2468 acerrimo
475 2421 627 2478 assuetum,
652 2420 797 2478 recentem
812 2410 849 2465 ab
862 2411 989 2468 exscidio
1002 2413 1155 2487 opulener
1192 2444 1195 2449 ·

159 2488 274 2544 tissimte
296 2487 382 2557 urhis,
404 2487 519 2544 Iberum
534 2488 673 2544 transire:
704 2487 816 2545 trahere
837 2506 934 2546 secum
954 2501 995 2548 tot
1008 2491 1121 2548 excitos

160 2565 353 2639 Hispanorum
367 2564 503 2640 populus;
534 2565 713 2622 conciturum
737 2564 835 2622 avidas
853 2585 963 2641 semper
977 2586 1120 2626 armorum

158 2643 284 2700 Gallicas
303 2655 419 2718 gentes:
453 2661 519 2700 cum
543 2643 611 2717 orbe
632 2653 769 2700 terrarum
791 2642 896 2700 bellum
910 2645 1068 2720 gerendum
1089 2645 1119 2704 iu

159 2720 241 2777 Italia
256 2739 290 2777 ac
304 2739 354 2795 pro
367 2720 510 2777 moenibus
523 2720 664 2777 Romanis
677 2739 749 2777 esse.
774 2745 787 2784 ο

196 2875 299 2938 XVII.
321 2875 483 2932 Nominatae
494 2876 551 2950 jam
567 2886 651 2932 otrico
664 2877 831 2934 consulibus
852 2878 1154 2952 provinciaeeran13a

159 2965 218 3010 tum
239 2953 330 3010 sortiri
349 2953 428 3028 jussi.
483 2953 616 3010 Cornelio
650 2955 799 3029 Hispania,
832 2956 998 3029 Sempronio
1020 2957 1119 3014 Africa

159 3049 225 3087 cum
240 3031 336 3088 Sicilia
350 3031 453 3088 evenit.
496 3031 555 3086 Sex
574 3031 603 3088 in
624 3050 690 3088 eum
712 3051 819 3090 aunum
840 3034 963 3088 decretae
983 3033 1117 3108 legiones,

158 3118 188 3164 et
201 3108 308 3164 socium
322 3119 459 3182 quantum
474 3109 542 3183 ipsis
563 3109 713 3179 videretur,
734 3120 763 3166 et
785 3111 885 3168 classis
907 3123 1013 3184 quanta
1027 3113 1118 3186 parari

158 3195 261 3259 posset
314 3184 447 3246 Quctuur
467 3198 496 3244 et
516 3186 616 3262 viginti
644 3187 771 3261 peditum
802 3188 1000 3245 Romanorum
1030 3189 1118 3246 millia

159 3271 226 3318 sunt
239 3261 352 3335 scripta,
364 3273 393 3319 et
407 3264 485 3320 mille
496 3263 654 3338 octingenti
677 3264 806 3337 equites:
838 3265 978 3322 sociorum
1000 3267 1153 3340 quadra-ar

117 3379 129 3396 κ
159 3339 239 3415 ginta
252 3339 339 3396 millia
352 3338 489 3413 peditum,
503 3353 622 3415 quatuor
636 3336 724 3400 millia
737 3352 765 3398 et
779 3343 978 3417 quadringenti
990 3344 1117 3418 equites:

159 3435 246 3473 naves
261 3417 392 3479 dueentae
407 3417 505 3492 viginti
519 3418 745 3492 quinqueremes,
767 3421 880 3478 celoces
898 3420 997 3495 uiginti
1012 3421 1118 3478 deduc·

159 3505 205 3552 tor.
246 3494 349 3552 Latum
375 3495 443 3552 inde
470 3496 505 3550 ad
527 3497 671 3570 populum,
693 3501 712 3534 “
725 3497 838 3564 vellent,
858 3497 1000 3572 juberent,
1015 3499 1118 3573 populo

160 3572 418 3646 “Carthaginiensi
433 3573 536 3630 bellurn
550 3573 665 3630 indici.''
708 3573 833 3649 Ejusque
855 3575 920 3630 belli
945 3578 1032 3633 causti
1054 3595 1118 3650 sup·

159 3651 273 3724 plicatio
286 3668 336 3724 per
350 3651 449 3706 urbem
464 3650 568 3716 hahita,
588 3663 671 3724 atque
695 3652 802 3708 adorati
823 3652 882 3724 Dii,
896 3663 928 3708 ut
941 3653 1015 3710 bene
1029 3673 1063 3710 ac
1077 3653 1115 3710 fe·
1125 3673 1153 3714 aa

160 3727 253 3786 liciter
271 3727 407 3800 eveniret,
435 3726 509 3801 qudd
534 3727 638 3784 bellum
661 3729 780 3802 populus
805 3729 955 3787 Romanus
979 3731 1115 3807 jussisset.
