2620 4220
447 369 554 424 LIBER
569 371 654 424 XXX.
687 385 853 424 suanm.
1079 377 1139 437 ΒΜ

171 517 275 580 hostile
285 517 465 576 hebetarent
507 515 596 583 Tum,
611 514 662 574 ubi
675 515 769 574 amnis
781 534 846 592 spes
858 524 944 587 esset,
955 515 1060 574 milites
1071 516 1141 575 Car·

170 598 373 686 thaginienses
392 596 552 671 Afrosque:
586 605 628 662 ut,
652 594 786 652 omnibus
799 594 885 651 rebus
904 561 1073 669 aliispares,
1094 594 1140 666 a6,

170 676 246 752 qu6d
271 674 375 751 integri
400 691 468 732 cum
496 673 578 731 sessis
604 690 639 729 ac
661 672 767 730 sauciis
788 682 959 748 pugnarent,
981 673 1142 764 superiores

170 765 285 822 essent3
314 753 440 826 Italicos,
455 748 618 810 intervallo
615 769 728 826 quoque
746 751 910 826 diremptos,
925 750 1050 808 incertos
1070 751 1142 808 socii

147 845 209 890 rau
224 833 319 890 hostes
332 842 438 904 essent,
453 831 483 888 in
497 842 669 906 postremam
681 829 774 886 aciem
788 829 943 886 submotos.
985 827 1051 886 Hoc
1064 829 1143 888 edito

171 911 249 968 velut
274 909 374 967 ultimo
394 909 505 979 virtutis
531 925 627 983 opere,
661 907 819 975 Hannibal,
839 925 927 982 quum
949 905 1142 964 Adrumetum

170 989 331 1082 refugisset,
347 989 514 1062 accitusque
528 986 595 1043 inde
613 985 829 1062 Carthaginem,
851 996 931 1043 sexto
946 1004 980 1042 ac
994 985 1142 1061 trigesimo

170 1065 235 1142 pdst
247 1085 330 1123 anno
336 1064 422 1140 quim
435 1083 506 1140 puer
520 1065 588 1122 inde
602 1063 747 1140 proiectus
760 1073 831 1130 erat,
853 1063 982 1136 redisset,
1005 1063 1119 1120 iassus'
1111 1082 1141 1120 ιιι

171 1145 313 1214 curiiest,
327 1163 385 1202 non
398 1143 499 1219 proelio
512 1140 597 1200 mod6
617 1161 659 1209 se,
681 1142 732 1198 sed
753 1141 828 1198 bello
848 1141 965 1214 rictum,
986 1159 1044 1200 neo
1059 1159 1141 1218 spem

139 1223 270 1280 rosalutis
283 1190 359 1290 aiibi,
374 1220 480 1298 qudm
473 1239 503 1280 m
515 1227 589 1296 pace
605 1219 795 1296 impetranda,
810 1237 882 1276 esse.

209 1379 357 1437 XXXVI.
386 1377 503 1472 Scipio,
513 1375 665 1434 confestim
679 1395 696 1434 a
709 1372 810 1452 proelio
826 1375 996 1452 expugnatis
1016 1376 1141 1437 hostium

171 1458 272 1516 eastris
292 1445 480 1546 direptisque,
499 1473 566 1512 cum
588 1454 699 1530 ingenti
720 1453 815 1530 preda
835 1453 873 1510 ad
893 1473 972 1513 mare
998 1474 1034 1512 ac
1053 1471 1142 1512 nares

171 1537 274 1606 rediit3
307 1535 410 1593 nuntio
430 1535 525 1606 allato,
551 1533 753 1592 P.Ientulum
777 1551 843 1591 cum
863 1533 1072 1609 quinquaginta
1084 1551 1142 1590 ros-

171 1615 262 1686 tratis,
282 1628 400 1670 centurn
421 1611 569 1680 onerariis,
595 1631 662 1669 oum
683 1612 762 1670 omni
783 1631 890 1688 genere
904 1610 1084 1670 commeatis
1104 1610 1141 1668 ad
1258 1653 1260 1656 -
1300 1595 1301 1658 Ῐ

138 1709 163 1750 ιι
171 1691 286 1750 Uticam
301 1691 466 1749 accessisse.
507 1691 730 1748 Admovendum
744 1690 830 1766 igitur
853 1691 981 1765 undique
1005 1701 1141 1748 terrorem

171 1771 311 1846 perculsae
325 1769 494 1846 Carthagini
508 1779 596 1837 ratus,
611 1766 699 1826 misso
712 1769 802 1826 Laelio
815 1769 939 1826 Romam
964 1788 1031 1827 cum
1053 1769 1142 1825 ricto·

171 1849 221 1905 rie
236 1847 346 1920 nuntio,
371 1849 426 1905 Cn
441 1847 595 1904 Octavium
614 1847 738 1904 terrestri
762 1847 864 1904 itinere
884 1847 991 1904 ducere
1012 1847 1141 1923 legiones

172 1927 378 2002 Carthaginem
397 1926 498 2002 jubet:
531 1926 601 2001 ipse,
623 1926 660 1982 ad
680 1943 761 1982 suam
783 1936 908 1982 veterem
929 1925 1003 1982 nori
1023 1923 1140 1982 Lentuli

171 2005 263 2062 classe
278 2005 422 2081 adjuncti,
433 2004 581 2080 proiectus
596 2004 632 2060 ab
646 2003 730 2061 Utici
754 2014 865 2078 portum
887 2003 1078 2092 Carthaginis
1090 2021 1141 2078 pe·

135 2097 163 2139 ao
172 2083 213 2140 ιιι.
256 2081 343 2142 Haud
356 2051 455 2158 produl
469 2083 576 2149 aberat,
592 2101 678 2171 quum
694 2080 785 2138 relata
803 2081 901 2138 insulis
914 2081 1056 2156 ramisque
1069 2081 1140 2138 oleae

172 2145 455 2251 Carthaginiensium
468 2160 594 2228 occurrit
607 2161 697 2218 naris.
738 2159 849 2217 Decem
863 2160 950 2235 legati
967 2170 1051 2218 erant
1062 2159 1141 2234 prin·

171 2239 252 2315 cipes
274 2240 406 2307 civitatis,
433 2249 550 2298 auctore
573 2238 737 2295 Hannibale
762 2238 841 2295 missi
861 2238 898 2295 ad
919 2239 1071 2314 petendam
1092 2255 1141 2313 pa·

171 2335 257 2376 cem:
275 2318 325 2393 qui
339 2335 426 2394 quum
441 2318 478 2374 ad
492 2317 609 2408 puppim
623 2316 761 2392 pretoriae
779 2317 860 2374 naris
879 2317 1078 2384 accessissent,
1094 2333 1141 2372 re·

171 2396 297 2453 lamenta
324 2395 487 2472 supplitium
520 2396 709 2472 porrigentes,
744 2406 868 2468 orantes,
900 2395 1140 2471 implorantesque

136 2475 258 2532 aelidem
271 2485 301 2531 et
314 2474 538 2532 misericordiam
554 2474 718 2550 Scipionis,
748 2474 902 2531 ιιιιιιιιιιι““
884 2493 919 2532 rrs
933 2475 1010 2532 aliud
1024 2493 1140 2549 respon·

172 2571 245 2610 sum
241 2554 359 2625 datum,
383 2550 470 2626 quim
487 2563 524 2610 ut
544 2551 691 2610 Tunetem
712 2552 860 2609 venirent:
889 2549 924 2608 ed
944 2571 975 2609 se
994 2561 1140 2610 moturum

171 2641 282 2688 castra:
304 2631 364 2706 ipse
378 2631 414 2687 ab
428 2631 619 2727 cqntemplato
632 2631 689 2687 situ
703 2627 896 2705 Carthaginis,
918 2649 976 2687 ιιοιι
999 2641 1058 2688 tarn
1075 2648 1141 2687 uos-

172 2709 280 2767 cendi
272 2727 302 2766 ιιι
317 2709 478 2785 presentia,
491 2711 577 2784 quim
591 2707 770 2784 deprimendi
795 2708 883 2765 hostis
896 2708 995 2780 causi,
1014 2708 1138 2774 Uticam,

172 2785 273 2844 eodem
289 2798 318 2844 et
331 2787 454 2844 Octavio
473 2798 616 2859 revocato,
640 2787 732 2844 rediit
774 2785 847 2844 Inde
868 2781 1090 2862 procedentibus
1103 2786 1138 2843 ad

136 2865 319 2924 stTunetem
334 2865 453 2924 nuntius
468 2865 580 2943 allatus,
594 2863 773 2932 Verminam,
799 2865 939 2940 Syphacis
957 2864 1057 2937 lilium,
1071 2881 1139 2922 cum

171 2944 315 3018 equitibus
327 2944 455 3020 pluribus
468 2944 552 3018 quim
568 2943 720 3019 peditibus,
742 2943 838 3000 venire
853 2942 1141 3020 Carthaginiensibus

171 3021 286 3080 auxilio.
341 3023 409 3078 Pars
434 3019 576 3078 exercitiis
603 3021 769 3079 cumomni
790 3022 917 3112 equitatu
941 3020 1141 3079 Saturnalibus

171 3100 271 3176 primis
284 3119 388 3176 agmen
402 3117 544 3176 aggressa,
560 3099 705 3157 Numidas
720 3097 777 3157 leri
800 3100 957 3157 certamine
971 3099 1060 3157 fudit:
1081 3098 1141 3156 exi·

173 3189 203 3236 tu
218 3197 331 3254 quoque
346 3179 421 3256 sagra
436 3178 598 3248 intercluso,
615 3189 724 3253 aparte
740 3177 819 3235 omni
839 3179 1026 3237 circumdatis
1039 3177 1141 3253 equiti-

106 3299 108 3302 ·
137 3257 227 3314 asbus
230 3257 418 3334 ,quindecim
433 3257 522 3313 millia
536 3256 684 3314 homiuum
699 3274 793 3326 cresa3
818 3256 896 3316 mille
908 3268 939 3315 et
952 3256 1109 3315 ducenti
1084 3255 1140 3312 vrri

172 3335 249 3426 capti
263 3347 340 3404 sunt,
355 3345 385 3393 et
397 3353 463 3412 equr
455 3333 628 3394 Numidici
650 3335 728 3391 mille
751 3345 781 3394 et
797 3335 957 3428 quingenti,
971 3337 1055 3413 sigua
1068 3333 1141 3392 mili·

172 3414 244 3471 taria
270 3415 328 3472 duo
347 3425 376 3472 et
389 3413 587 3490 septuaginta.
639 3413 810 3488 Regulus'
802 3433 863 3492 ipse
884 3416 958 3474 iuter
986 3414 1140 3473 tumultum

172 3511 239 3550 oum
253 3493 353 3569 paucis
374 3493 482 3568 effugit.
523 3491 602 3549 Tum
617 3491 653 3548 ad
668 3491 817 3549 Tunetem
838 3493 950 3567 eodem,
971 3513 1028 3570 quo
1045 3503 1138 3562 antea,

172 3571 237 3629 loco
251 3583 344 3629 castra
358 3572 467 3647 posita,
489 3569 631 3646 legatique
645 3569 762 3646 triginta
782 3571 956 3662 Carthagine
978 3573 1014 3629 ad
1030 3571 1140 3647 Scipio·

137 3665 164 3705 ιι
173 3667 241 3706 nem
255 3660 418 3707 venerunt.
445 3659 475 3706 et
488 3649 528 3706 illi
538 3649 654 3724 quidem
669 3648 759 3706 mult6
773 3649 975 3718 miserabilius,
989 3649 1074 3724 quiam
1089 3665 1140 3705 an·

172 3725 214 3798 ιὲ,
230 3726 299 3802 (qud
313 3728 413 3804 magis
417 3727 541 3803 cogebat
553 3727 679 3809 fortuna)
694 3738 831 3818 egerunt:
863 3729 913 3786 sed
930 3725 1073 3802 aliquant6
1087 3725 1139 3784 mi·

171 3822 322 3864 aoracum
343 3806 540 3943 miseriqqrdii
561 3797 597 3864 ab
617 3805 727 3864 recenti
749 3806 887 3865 memorii
910 3807 1035 3884 perfidie
1049 3803 1138 3864 auditi
