2630 4228
481 374 585 426 LIBER
600 375 632 426 V.
664 391 821 430 camum.
1100 384 1159 446 lm

194 512 283 591 Vajos
302 516 469 572 contendit:
503 515 638 589 missique
668 517 793 574 Ardeam
820 517 906 593 legati
937 517 973 576 ad
993 518 1158 593 Camillum,

196 591 285 667 Vejos
298 609 364 650 eum
379 595 556 668 perduxere:
588 613 639 650 seu
656 595 743 670 (quod
758 595 849 670 magis
869 596 986 652 credere
1000 595 1080 666 libet,
1101 615 1159 653 non
1209 595 1212 603 ⁴

193 671 277 745 prins
297 669 456 746 profectum
477 671 513 727 ab
534 670 643 738 Ardea,
670 671 755 744 quam
777 673 915 748 comperit
934 672 1028 748 legem
1049 673 1159 742 latam3

194 747 271 822 qued
284 765 340 806 nec
354 749 463 824 injussu
477 749 573 823 pepuli
594 749 697 804 mutari
715 749 821 806 finibus
833 763 938 825 posset,
951 769 1016 821 nec,
1027 749 1086 807 nisi
1099 750 1161 808 die·

172 835 266 882 stator
290 826 394 892 dictus,
416 825 544 901 auspicia
563 827 593 883 in
614 825 743 884 exercitu
763 824 883 906 habere)
906 828 954 886 lex
973 827 1085 886 curiata
1103 827 1161 886 lata

195 913 247 974 est,
262 903 438 980 dictatorque
452 904 556 960 absens
569 904 672 960 dictus.

233 1057 360 1117 XLVII.
394 1058 472 1116 Duru
485 1059 548 1118 hec
569 1060 651 1136 Vejis
670 1059 838 1134 agebantur,
859 1061 973 1122 interim
987 1081 1038 1120 arx
1058 1061 1161 1120 Rornae

194 1135 423 1212 Capitoliumque
437 1138 467 1194 in
481 1139 592 1214 ingenti
608 1138 739 1212 periculo
763 1139 835 1196 fuit:
866 1159 990 1216 namque
1003 1139 1090 1212 Galli,
1110 1157 1162 1197 seu

193 1214 313 1289 vestigio
326 1226 423 1273 notato
436 1216 571 1288 humane,
585 1217 644 1291 qud
658 1215 777 1274 nuntius
790 1235 807 1273 a
820 1217 901 1294 Vejis
919 1227 1096 1293 pervenerat,
1110 1235 1162 1274 seu

59 1323 62 1331 ·
161 1294 247 1349 sesua
267 1303 372 1366 sponte·
394 1293 591 1351 animadverso
618 1295 654 1351 ad
669 1295 844 1352 ¹Carmentis
868 1313 998 1353 saxorum
1019 1295 1162 1352 adscensu

194 1387 283 1444 aequo,
305 1381 390 1428 nocte
413 1371 558 1440 sublustri,
580 1389 668 1445 quum
689 1369 780 1446 primd
799 1372 949 1440 inermem,
970 1373 1019 1447 qui
1039 1381 1163 1428 tentaret

186 1447 278 1520 riam,
292 1448 503 1523 praemisissent‚
518 1449 666 1506 tradentes
679 1448 747 1506 inde
761 1467 849 1517 arma,
864 1451 913 1507 ubi
934 1450 1001 1524 quid
1015 1449 1106 1522 iniqui
1119 1465 1163 1504 es·

193 1535 245 1591 set,
261 1526 362 1582 alterni
377 1526 473 1593 innisi,
494 1526 733 1601 sublevantesque
753 1526 878 1584 invicem
898 1539 928 1584 et
947 1527 1092 1585 trahentes
1113 1523 1162 1582 alii

88 1657 92 1672 ,
193 1601 273 1670 alios,
287 1613 370 1678 prout
384 1604 537 1679 postularet
550 1604 649 1674 locus3
678 1615 757 1662 tanto
770 1604 883 1663 silentio
897 1605 926 1663 in
940 1623 1082 1663 summum
1097 1621 1163 1660 era·

160 1681 265 1752 rasere,
279 1691 310 1738 ut
323 1691 381 1738 no'n
396 1682 530 1739 custodes
543 1679 633 1739 soldm
656 1682 796 1754 fallerent,
813 1683 867 1739 ‘sed
881 1701 918 1740 ne
932 1701 1021 1740 canes
1034 1681 1160 1756 quidem,

192 1758 345 1816 sollicitum
360 1759 466 1816 animal
480 1760 515 1816 ad
530 1771 685 1818 nocturnos
701 1759 845 1834 strepitus,
859 1760 1026 1818 excitarent.
1068 1762 1162 1816 Anse-

192 1853 238 1892 res
259 1855 316 1892 non
338 1836 473 1903 fefellere,
488 1837 599 1910 quibus,
620 1839 710 1895 sacris
735 1836 853 1907 Junoni,
878 1837 908 1896 in
929 1837 1043 1894 summa
1066 1835 1161 1909 inopia

193 1913 251 1970 cibi
265 1924 360 1972 tamen
375 1914 587 1971 abstinebatur:
616 1934 679 1990 quae
694 1933 741 1972 res
754 1915 837 1971 saluti
852 1915 921 1972 fuit:
946 1932 1070 1988 namque
1084 1913 1162 1968 clan-

191 2009 260 2066 gore
273 1997 371 2048 eorum
386 1991 550 2068 alarumque
568 1993 679 2068 crepitu
702 1991 814 2050 excitus
835 1991 877 2048 Μ.
892 1988 1030 2063 Manlius,
1052 1989 1100 2064 qui
1114 1989 1162 2046 tri·

157 2081 184 2122 lte
192 2069 279 2127 ennio
293 2071 360 2126 ante
373 2069 472 2127 consul
485 2070 585 2139 fuerat,
599 2069 641 2127 vir
653 2070 727 2128 bello
735 2069 877 2144 egregius,
889 2069 975 2126 armis
986 2067 1114 2142 arreptis,
1126 2065 1162 2122 si·

192 2148 251 2204 mul
266 2149 301 2204 ad
317 2166 396 2203 arma
408 2159 527 2204 ceteros
540 2147 631 2220 ciens,
646 2147 740 2204 radit:
761 2157 800 2214 et,
814 2148 883 2204 dum
897 2145 994 2204 caeteri
1008 2145 1160 2220 trepidant,

192 2224 317 2296 Gallum,
333 2226 381 2300 qui
400 2225 459 2304 jam
480 2225 510 2282 in
531 2243 643 2282 summo
664 2223 841 2292 constiterat,
856 2225 982 2282 umbone
1002 2224 1092 2280 ictum
1112 2221 1162 2278 de·

191 2303 295 2359 turbat.
337 2302 427 2378 Cujus
440 2322 525 2361 casus
538 2302 660 2378 prolapsi
680 2319 769 2378 quum
783 2304 929 2378 proximos
944 2311 1093 2367 sterneret,
1106 2311 1162 2356 tre-

191 2379 323 2455 pidantes
344 2381 421 2452 alios,
444 2381 585 2454 armisque
605 2381 718 2439 omissis
738 2399 817 2454 saxa,
844 2382 948 2456 quibus
968 2378 1161 2448 adhaerebant,

104 2483 109 2488 ·
157 2469 184 2511 aa
193 2459 325 2516 manibus
339 2459 494 2534 amplexos,
507 2459 642 2515 trucidat.
684 2458 703 2516 J
705 2477 806 2533 amque
820 2469 849 2516 et
863 2459 910 2516 alii
921 2455 1087 2534 congregati
1098 2453 1162 2512 telis

192 2536 402 2611 missilibusque
416 2537 491 2592 saxis
504 2538 672 2611 proturbare
687 2538 792 2609 hostes,
806 2538 945 2612 ruinisque
958 2547 1018 2594 tota
1030 2533 1162 2609 prolapsa

192 2614 270 2670 acies
283 2615 312 2672 in
327 2633 454 2690 praeceps
468 2614 581 2671 deferri.
623 2615 730 2671 Sedato
745 2615 852 2671 deinde
866 2614 1000 2679 tumultu,
1019 2611 1160 2684 reliquum

191 2693 284 2749 noctis
299 2692 453 2768 (qnantum
468 2692 498 2749 in
511 2694 631 2750 turbatis
646 2693 791 2752 mentibus
805 2701 923 2766 poterat,
937 2708 1023 2764 quum
1035 2686 1159 2762 prseteri-

191 2781 251 2827 tum
265 2789 377 2845 quoque
392 2770 550 2846 periculum
572 2771 748 2839 sollicitaret)
771 2769 859 2842 quieti
874 2769 971 2825 datum
985 2777 1036 2822 est.
1078 2763 1159 2820 Luce

157 2849 263 2921 scorti,
288 2848 395 2905 vocatis
422 2848 543 2905 classice
572 2850 607 2906 ad
628 2847 783 2904 concilium
806 2846 943 2904 militibus
963 2846 999 2901 ad
1020 2843 1159 2906 tribunos,

191 2926 278 2999 quum
292 2937 321 2983 et
334 2925 411 2983 recta
433 2936 462 2982 et
482 2922 629 3001 perperam
644 2926 720 2982 facto
740 2925 862 3000 pretium
877 2924 1043 2990 deberetur3
1076 2918 1161 2976 Mau·

191 3003 246 3060 lius
259 3003 379 3079 prinnini
392 3004 430 3061 ob
444 3004 575 3061 virtutem
589 3005 723 3062 laudatus
747 3003 935 3084 donatusque,
949 3018 1007 3056 non
1021 2999 1058 3055 ab
1071 2996 1159 3083 tribu:

191 3082 236 3138 nis
250 3081 339 3139 soldm
354 3081 487 3154 militum,
502 3083 552 3139 sed
566 3081 805 3140 eonsensuetiam
822 3079 956 3136 militari:
977 3077 1025 3134 cni
1036 3074 1160 3131 universi

191 3160 310 3217 selibras
324 3159 405 3217 farris
419 3161 624 3234 etquartarios
638 3159 698 3214 vini
719 3159 755 3214 ad
777 3157 854 3214 aedes
873 3156 945 3232 ejus,
969 3173 1032 3229 qnae
1049 3153 1078 3210 in
1093 3167 1159 3210 arce

155 3247 280 3308 merant,
296 3238 499 3307 contulerunt3
521 3257 581 3295 rem
596 3238 675 3294 dictu
690 3253 816 3310 parvam,
827 3232 961 3291 caeterdm
976 3233 1072 3308 inopia
1082 3230 1161 3287 'fece-

191 3326 234 3372 rat
247 3335 311 3372 eam
325 3327 525 3391 argumentum
540 3317 643 3392 ingens
662 3312 797 3379 caritatis,
812 3331 909 3388 quum,
923 3331 954 3369 se
968 3311 1086 3386 quisque
1101 3308 1160 3397 vic·

190 3409 221 3451 tu
242 3413 295 3451 suo
315 3393 460 3461 fraudans,
475 3395 635 3451 detractum
649 3390 760 3466 corpori
781 3402 865 3466 atque
879 3391 977 3448 usibus
990 3403 1161 3445 necessarus

162 3487 167 3496 ·
191 3471 227 3528 ad
254 3473 391 3530 bonorem
412 3473 498 3529 unius
519 3471 570 3529 viri
592 3470 744 3529 conferret.
786 3469 866 3526 Tum
889 3468 990 3544 vigiles
1010 3465 1072 3542 ejus
1092 3464 1159 3533 loci,

190 3551 247 3626 qud
261 3551 400 3609 fefellerat
413 3551 594 3627 adscendens
615 3548 712 3615 hostis,
736 3547 832 3605 citati:
866 3557 895 3604 et
908 3563 995 3620 quum
1016 3544 1046 3600 in
1059 3561 1160 3632 omnes

155 3635 269 3686 tumore
284 3628 400 3695 militari
415 3647 445 3684 se
468 3629 732 3685 animadversurum
746 3625 787 3687 Q.
805 3624 951 3700 Sulpicius
964 3623 1095 3679 tribunus
1108 3637 1161 3675 mr·

190 3707 272 3764 litum
286 3706 517 3780 pronuntiassem
538 3705 738 3763 consentiente
750 3705 874 3760 clamore
889 3701 1010 3758 militnm
1025 3700 1055 3754 in
1069 3713 1160 3753 unurn

191 3784 306 3861 vigilem
316 3784 531 3859 conjicientium
546 3783 671 3858 culpam,
682 3781 845 3846 deterritus,
858 3799 875 3835 a
886 3779 997 3836 caeteris
1006 3773 1159 3831 abstinuit:
