2632 4224
100 329 120 386 4
409 330 437 377 Τ.
454 329 538 377 LlVll
556 329 745 380 Pssmrnrro.

100 471 248 527 miscendo
275 470 399 527 humana
425 471 536 542 divinis,
570 471 722 547 primordia
747 471 860 528 urbium
893 471 1055 548 augustiora

101 565 196 622 iaciat.
237 565 285 637 Et,
299 565 323 622 si
337 565 384 622 cui
398 566 501 640 populo
514 566 600 623 licere
620 552 729 641 oportet
748 585 917 624 consecrare
930 567 1054 643 origines

101 681 174 732 suas,
189 661 267 718 etad
282 661 358 719 Deos
372 661 476 718 referre
490 672 629 728 auctores,
644 679 679 718 ea
692 661 758 736 belli
776 661 865 736 gloria
885 671 929 718 est
951 661 1054 736 populo

101 757 244 824 Romano,
269 768 300 814 ut
313 771 401 831 quum
415 775 498 814 suum
520 756 728 830 conditorisque
750 757 792 812 sui
806 766 953 830 parentem
974 756 1053 812 Mar-

100 863 157 908 tem
168 850 343 926 potissimdm
358 851 437 923 serat,
447 906 449 910 .
459 862 516 908 tarn
534 861 563 908 et
578 851 632 908 hoc
649 860 750 926 gentes
764 851 895 906 humanae
910 850 1071 925 patianturs

100 965 180 1018 aequo
200 945 305 1013 animo,
320 965 405 1020 quam
429 945 578 1021 imperium
599 945 752 1020 patiuntur.
794 945 853 1002 Sed
875 945 937 1002 haec
959 945 1051 1002 ethis

99 1040 201 1096 similia
202 1051 378 1114 ,utcumque
390 1040 584 1097 animadversa
595 1049 643 1096 aut
653 1039 815 1096 existrmata
825 1049 918 1107 erunt,
930 1040 1028 1096 haud
1021 1059 1051 1096 m
1141 1091 1144 1096 ,
1193 1083 1210 1134 ,-
1232 1067 1234 1070 ·

99 1153 202 1208 magno
226 1136 357 1210 equidem
380 1154 483 1210 ponam
508 1134 682 1192 discrimine.
724 1135 771 1191 Ad
792 1135 840 1192 illa
859 1135 937 1230 mrhq
949 1155 1000 1210 pro
1020 1111 1089 1196 se]
1107 1120 1124 1188 l
1138 1083 1225 1189 dod
1217 1129 1262 1214 ,st

98 1230 215 1322 quisquc
247 1231 348 1286 acriter
376 1229 504 1286 intendat
531 1229 667 1298 animum,
695 1247 758 1304 quae
785 1231 851 1298 vita,
882 1231 929 1308 qui
958 1250 1050 1288 mores
1197 1179 1258 1259 ψ”ῑ

99 1311 202 1379 tirerint
211 1344 218 1392 ;
239 1343 288 1398 per
302 1343 371 1398 quos
386 1325 465 1392 viros,
480 1325 636 1400 quibusque
651 1317 767 1392 artibus,
781 1325 857 1382 domi
876 1325 1048 1400 militiaeque,
1061 1347 1083 1386 ro

98 1431 126 1474 et
147 1431 256 1492 partum
271 1429 299 1476 et
313 1431 427 1483 auctum
450 1419 598 1494 imperium
619 1420 675 1489 sit3
696 1420 808 1476 labente
829 1419 933 1486 deinde
953 1421 1050 1495 paula·

98 1513 148 1568 tim
162 1513 323 1588 disciplina,
338 1515 413 1571 velut
431 1514 593 1572 desidentes
614 1515 704 1590 primo
724 1533 816 1572 mores
837 1526 969 1589 sequatur
991 1516 1050 1572 ani·

98 1627 143 1664 mo
152 1629 158 1677 ;
181 1605 284 1666 deinde
299 1619 329 1666 ut
343 1610 433 1685 magis
447 1610 590 1686 magisque
600 1609 670 1684 lapsi
685 1609 758 1678 sint3
780 1619 838 1666 tum
856 1609 897 1666 ire
911 1611 1049 1685 coeperint

96 1705 272 1778 praeciqrites3
294 1706 386 1762 donec
407 1707 442 1762 ad
464 1707 525 1762 haec
545 1717 680 1780 tempora,
701 1706 803 1779 quibus
823 1725 878 1762 nec
899 1705 965 1762 vitia
986 1725 1049 1762 nos·

87 1815 139 1854 ,rra
153 1819 206 1856 nec
221 1801 346 1856 remedia
359 1801 417 1875 pati
437 1819 596 1876 possumne,
609 1811 781 1875 perventum.
796 1800 847 1857 est'.
889 1800 954 1858 lloc
978 1801 1047 1858 illud
1058 1815 1082 1854 15

97 1906 139 1951 est
162 1895 302 1970 praecipue
327 1895 355 1952 in
377 1896 539 1971 cognitione
567 1913 660 1952 rerum
682 1895 792 1952 salubre
814 1913 848 1952 ac
873 1895 1046 1970 frugiferum,

70 2063 71 2068 ἵ
96 1991 188 2046 omnis
202 2000 229 2046 te
247 1989 369 2064 exempli
390 1991 562 2047 documenta
580 1980 611 2046 in
633 1989 732 2076 illustri
753 1989 844 2064 posita
864 2001 1048 2046 monumento

96 2085 216 2141 intueri:
237 2085 304 2141 inde
318 2085 368 2141 tibi
392 2095 502 2160 tuaeque
516 2084 687 2160 reipublice,
702 2085 776 2158 quod
798 2083 918 2154 imitere,
932 2084 1046 2158 capias:

97 2181 174 2252 inde,
195 2180 300 2236 loedum
315 2181 440 2255 inceptu,
456 2180 561 2239 scedum
581 2179 668 2247 exitu,
684 2179 758 2254 quod
780 2179 859 2236 vites.
900 2179 1078 2236 Craterumli
1091 2191 1146 2232 rw

96 2286 144 2330 aut
159 2261 204 2331 me
219 2294 295 2332 amor
310 2275 422 2350 negotii
437 2274 559 2348 suscepti
581 2274 660 2346 fallit,
675 2284 723 2330 aut
743 2273 822 2330 nulla
846 2291 969 2348 unquam
991 2293 1046 2330 res·
1056 2296 1082 2335 sa

96 2370 210 2444 publiea
230 2389 285 2426 nec
305 2369 403 2444 major,
417 2387 471 2425 nec
492 2367 626 2440 sanctior,
640 2387 695 2424 nec
719 2367 800 2425 bonis
813 2369 950 2442 exemplis
963 2369 1046 2426 ditior

97 2464 169 2541 fuit3
190 2483 246 2520 nec
266 2465 295 2520 in
314 2481 398 2538 quam
419 2462 562 2520 civitatem
582 2471 640 2518 tam
660 2480 730 2520 serae
751 2463 867 2518 avaritia
880 2463 1045 2538 luxuriaque

97 2559 336 2634 immigraverint3
351 2576 406 2614 nec
417 2557 465 2613 ubi
476 2568 571 2614 tantus
585 2576 619 2614 ac
633 2568 690 2614 tam
704 2557 753 2613 diu
766 2557 923 2632 paupertati
937 2575 971 2614 ac
985 2575 1047 2632 par-

96 2655 224 2712 simoniae
249 2655 339 2710 bonos
366 2652 469 2710 fuerit:
500 2649 707 2726 adeq‘quanro
727 2670 820 2709 rernm
842 2653 946 2718 minus,
968 2650 1045 2709 tantd

95 2751 190 2807 minus
203 2749 364 2824 cupiditatis
385 2757 454 2805 erat.
495 2747 595 2823 Nuper
615 2746 719 2803 divitiae
741 2747 895 2818 avaritiam,
909 2757 938 2804 et
958 2747 1079 2802 abun-ss

95 2846 195 2901 dantes
215 2845 369 2918 voluptates
389 2841 561 2899 desiderium
588 2859 638 2916 per
668 2839 765 2898 lunum
794 2852 876 2915 atque
896 2841 1044 2897 libidinem

95 2939 232 3016 pereundi
254 2929 446 3035 perdendiqire
466 2937 563 2994 omnia
583 2935 725 2994 invertire.
775 2937 833 2993 Sed
857 2937 986 3010 querelae,
1007 2955 1044 2992 ne

94 3047 153 3092 tum
167 3036 280 3110 quidem
294 2995 380 3110 gittae
376 3013 499 3106 ludria,
509 3037 594 3106 quum
606 3031 721 3089 forsitan
735 3041 764 3088 et
777 3026 1060 3101 necessariaeerunt,

95 3130 153 3187 ab
140 3129 224 3191 mitio
238 3131 314 3186 certe
328 3137 413 3184 tantae
426 3127 570 3184 ordiendae
581 3145 622 3183 rer
614 3126 738 3182 absint.
773 3125 846 3182 Cum
856 3125 937 3183 bonis
948 3125 1044 3200 potius

93 3225 235 3283 ominibus
249 3223 373 3297 votisque
388 3241 421 3278 ac
435 3221 644 3296 precationibus
658 3220 783 3277 Deorum
798 3219 979 3294 Dearumque
994 3218 1042 3295 (si,
1052 3235 1077 3274 aa

94 3332 123 3376 ut
138 3319 237 3394 poetis,
252 3317 334 3376 nobis
347 3332 458 3390 quoque
472 3335 533 3373 mos
546 3315 633 3397 esset)
648 3315 787 3371 libentids
798 3314 997 3390 inciperemus,
1011 3323 1043 3370 ut

93 3414 163 3473 orsis
176 3412 246 3470 tanti
260 3411 352 3488 operis
366 3427 515 3470 successus
528 3428 673 3486 prosperos
684 3410 796 3466 darent.
