2632 4224
155 339 194 400 48
546 341 615 391 Tm
631 340 711 388 trvrr

155 499 203 538 um
218 482 417 538 salutandum:
438 482 494 556 qui,
510 483 622 541 silentio
643 483 727 556 facto,
748 485 872 541 monitus
893 503 908 541 a
924 486 1065 560 proximis,
1080 497 1111 545 ut

154 571 287 635 purgaret
314 579 353 630 se,
374 559 448 634 quod
475 561 503 616 id
524 563 657 636 temporis
677 563 809 634 venisset,
836 564 1109 639 “disceptatorem'’

155 637 203 704 ait,
219 643 235 672 “
248 657 278 694 se
293 649 435 711 sumptum
451 639 523 694 inter
537 651 643 712 patrem
659 649 687 694 et
700 637 806 697 filium:
828 642 898 697 curvi
908 643 1111 713 reconciliandi

155 717 173 747 “
186 733 234 772 eos
255 716 285 772 in
306 716 424 789 gratiam
445 728 582 772 moratum
594 735 675 773 esse:
710 729 747 788 et,
762 720 828 792 quia
849 738 882 775 ea
904 739 949 775 res
963 721 1113 777 exemisset

155 794 264 849 “illum
279 795 364 859 diem,
379 806 491 868 postero
512 795 557 850 die
572 807 711 860 acturum,
728 815 790 868 quae
805 797 1024 853 constituisset.’'
1068 799 1113 855 Ne
1134 809 1145 847 ⁵

156 869 185 924 id
199 872 313 944 quidem
328 872 364 926 ab
383 871 484 927 Turno
497 871 594 928 tulisse
615 873 733 928 tacitum
754 874 864 930 serunt:
898 875 1003 930 dixisse
1025 877 1113 942 enim,

155 949 301 1004 “Nullam
325 949 478 1005 breviorem
501 967 561 1004 esse
583 943 785 1024 cognitionem,
806 952 890 1024 quim
912 952 984 1008 inter
1004 963 1114 1026 patrem

156 1027 215 1082 “et
229 1027 327 1097 lilium,
342 1027 496 1100 paucisque
510 1025 627 1101 transigi
642 1028 846 1104 verbis-posset
877 1028 907 1084 ni
921 1040 1017 1110 pareat
1031 1029 1113 1104 patri,

155 1105 175 1138 “
186 1103 345 1160 habiturum
361 1104 545 1160 infortunium
559 1103 651 1160 esse.''
678 1109 753 1210 ϋζὶγ
764 1111 787 1195 1³

681 1177 724 1215 ,ιν
754 1181 782 1206 =z
810 1193 812 1200 ›
887 1181 890 1190 ¹

196 1257 245 1315 LI.
269 1261 341 1316 Haec
357 1261 492 1318 Aricinus
506 1261 535 1318 in
550 1281 646 1336 regem
661 1263 825 1319 Romanum
840 1261 1034 1336 increpansex
1049 1254 1151 1318 coh-vr

156 1337 223 1394 cilio
237 1338 313 1395 abiit.
354 1339 453 1398 Quam
467 1359 526 1394 rem
542 1339 716 1412 Tarquinius
731 1339 882 1412 aliquanto,
897 1341 980 1412 quam
1003 1339 1115 1393 videba-

155 1426 211 1486 tur,
226 1415 326 1490 aegrivis
340 1416 442 1482 serens,
457 1417 606 1472 confestim
622 1416 723 1471 'l'urno
737 1435 837 1471 necem
853 1415 1049 1471 machinatur:
1084 1425 1115 1470 ut

156 1494 289 1548 eumdem
317 1504 461 1560 terrorem,
488 1513 543 1567 quo
570 1493 676 1548 civium
703 1494 813 1556 animos
832 1493 908 1548 domi
929 1503 1114 1566 oppresserat,

156 1568 267 1625 Latinis
291 1571 436 1644 injiceret:
471 1582 500 1626 et
520 1571 586 1644 quia
607 1589 657 1644 pro
676 1571 794 1645 imperio
808 1570 898 1644 palam
914 1571 1035 1626 interfici
1057 1589 1113 1626 non
1186 1631 1191 1641 ,

156 1658 273 1720 poterat,
288 1648 381 1704 oblato
405 1648 474 1704 salso
495 1649 615 1704 crimine
639 1649 780 1704 insontem
804 1651 950 1722 oppressit.
985 1649 1046 1704 ·Per
1068 1648 1115 1704 ad·
1125 1657 1149 1698 1⁵

156 1741 244 1779 versae
259 1725 389 1781 factionis
403 1725 538 1799 quosdam
565 1727 697 1782 Aricinos
719 1745 829 1782 servum
852 1726 947 1782 Turni
969 1744 1036 1782 auro
1055 1745 1116 1782 cor·
1190 1753 1195 1762 ·

156 1802 241 1876 rupit,
256 1803 328 1858 utin
344 1803 527 1860 diversorium
541 1804 603 1878 ejus
628 1805 681 1860 vim
696 1823 829 1878 magnam
845 1804 1003 1878 gladiorum
1018 1803 1115 1860 inlerri

157 1867 231 1934 clam
245 1881 366 1937 sineret:
388 1900 423 1937 ea
436 1901 522 1955 quum
537 1883 595 1938 unit
608 1895 692 1938 nocte
706 1882 831 1956 perlecta
845 1893 949 1952 essent,
964 1881 1116 1954 Tarquini-

156 1975 200 2028 ua,
214 1957 299 2031 paulo
313 1970 378 2014 ante
400 1960 492 2015 lucem
516 1960 615 2015 accitis
639 1961 674 2015 ad
696 1979 726 2016 se
750 1960 925 2034 principibus
939 1960 1116 2031 Latinorum,

157 2036 236 2107 quasi
250 2055 280 2092 re
294 2039 365 2092 noval
387 2038 574 2110 perturbatus
599 2041 736 2094 “moram
759 2057 838 2093 suam
854 2039 1024 2103 hesternam,
1040 2037 1150 2093 velutvo

157 2113 314 2170 “Deorum
335 2115 457 2188 quadam
485 2115 661 2190 providentia
687 2115 824 2188 illatam,”
852 2117 900 2188 ait,
929 2115 1039 2171 “saluti
1062 2115 1115 2170 sibi

158 2193 271 2264 “atque
299 2193 354 2248 illis
380 2193 483 2249 fuisse:
517 2194 553 2248 ab
580 2193 691 2259 Tunm,
716 2195 782 2262 dici,
811 2194 864 2248 sibi
891 2203 920 2250 et
947 2193 1116 2268 primoribus

158 2271 354 2343 “populorum
381 2271 471 2344 parari
493 2289 604 2342 necem,
625 2281 656 2326 ut
677 2271 842 2326 Latinorum
863 2271 939 2326 solus
966 2270 1115 2341 imperium

158 2333 550 2434 “teneatdl‘Aggressurum
579 2348 666 2404 luisse
694 2349 825 2404 hesterno
851 2348 897 2404 die
925 2348 954 2402 in
976 2347 1115 2402 concilio:
1208 2409 1214 2420 ι

158 2424 302 2480 “dilatam
324 2444 383 2482 rem
414 2445 485 2496 esse,
514 2424 587 2499 quud
616 2437 713 2482 auctor
740 2425 853 2481 concilii
881 2423 1011 2494 abfuerit,
1032 2434 1150 2496 quemtt

158 2503 310 2560 “maxime
325 2515 440 2578 peteret.
481 2504 554 2560 Inde
578 2503 654 2560 illam
676 2504 800 2560 absentis
824 2502 1039 2558 insectationem
1053 2519 1115 2556 esse

159 2585 178 2618 “
189 2591 295 2652 natam,
316 2582 390 2656 quod
412 2583 548 2638 morando
571 2601 649 2656 spem
667 2581 838 2636 'destituerit
887 2580 953 2636 Non
976 2579 1115 2650 dubitare,

159 2659 213 2714 “si
234 2677 301 2720 vera
319 2659 491 2724 deierantur,
506 2660 574 2732 quin
596 2659 686 2733 prima
707 2659 781 2728 luce,
796 2659 844 2714 ubi
866 2669 979 2713 ventum
1004 2657 1033 2712 in
1049 2676 1116 2712 con·

159 2736 287 2796 ‘icilium
309 2737 354 2807 sit,
377 2737 530 2793 instructus
554 2755 619 2792 cum
642 2737 850 2811 conjuratorum
872 2755 958 2790 manu
981 2746 1116 2790 armatus-

154 2819 245 2888 .“que
266 2825 400 2870 venturus
426 2815 469 2870 sit.
519 2814 598 2890 Dici,
623 2815 780 2890 gladiorum
802 2814 947 2889 ingentem
966 2815 1150 2868 nume'rumau

159 2899 252 2950 “csse
274 2893 389 2948 adeum
412 2903 599 2948 convectum:
632 2893 661 2948 id
683 2911 786 2947 vanum
810 2911 902 2948 necne
916 2891 960 2960 sit,
975 2891 1116 2964 extemplo

160 2971 256 3027 “sciri
270 2990 360 3046 posse.
401 2970 517 3045 Rogare
531 2989 588 3036 eos
604 2981 634 3026 ut
647 2970 714 3026 inde
733 2989 829 3026 secum
844 2971 877 3025 ad
893 2969 1025 3026 Turnum
1041 2949 1117 3024 ieni-

160 3057 180 3089 “
191 3051 267 3104 ant.”
310 3049 476 3124 Suspectam
492 3048 559 3104 lecit
572 3067 631 3104 rem
652 3059 681 3104 et
704 3049 851 3123 ingenium
876 3047 969 3103 Turni
987 3047 1074 3111 ferox,
1089 3056 1117 3102 et

156 3127 251 3192 ,oratio
265 3129 406 3194 hesterna,
421 3139 449 3184 et
463 3145 540 3183 mora
558 3127 724 3200 Tarquinii;
755 3125 829 3198 quod
844 3126 989 3182 videbatur
1003 3125 1115 3180 obeam

161 3205 266 3264 differri
281 3207 375 3261 caedes
388 3206 520 3280 potuisse.
563 3205 640 3261 Eunt
654 3205 797 3259 inclinatis
810 3204 923 3276 quidem
948 3204 983 3258 ad
999 3203 1151 3258 creden-³⁵

161 3287 229 3342 dum
251 3284 362 3349 animis,
384 3295 489 3354 tamen,
511 3283 565 3338 nisi
587 3282 688 3356 gladiis
710 3282 902 3352 deprehensis,
924 3293 1027 3337 caetera
1045 3298 1117 3336 vana

161 3362 356 3420 existimaturi.
397 3361 452 3418 Ubi
474 3371 516 3416 est
539 3357 573 3416 eti
596 3371 721 3426 ventum,
743 3359 874 3416 Turnum
896 3378 931 3414 ex
952 3377 1051 3414 somno
1068 3375 1116 3410 ex·

162 3441 279 3498 citatum
306 3439 518 3496 circumsistunt
545 3439 693 3494 custodes:
727 3437 992 3512 comprehensisque
1016 3433 1114 3502 servis,

162 3518 209 3594 qui
233 3519 349 3574 caritate
370 3517 477 3573 domini
496 3517 551 3571 vim
574 3517 720 3590 parabant,
744 3533 830 3590 quum
859 3512 944 3586 gladii
968 3510 1055 3564 abditi
1080 3527 1116 3566 ox

161 3596 294 3655 omnibus
307 3595 377 3653 locis
390 3594 548 3652 diverticuli
563 3594 789 3668 protraherentur
801 3611 809 3659 ς
830 3591 974 3646 enimvero
985 3587 1149 3642 manifest-⁴⁰

162 3687 191 3731 ta
205 3693 249 3730 res
262 3675 330 3740 visa,
346 3674 514 3750 injectaeque
529 3672 630 3729 Turno
644 3683 770 3728 catenae:
798 3679 827 3724 et
840 3667 987 3722 confestim
1003 3665 1117 3722 Latino·

162 3771 225 3812 rum
247 3753 401 3810 concilium
423 3769 525 3827 magno
549 3769 616 3808 cum
640 3749 761 3806 tumultu
775 3746 945 3806 advocatur.
987 3743 1031 3800 lbi
1058 3755 1116 3800 tam
