2632 4224
155 301 197 364 ω
284 281 289 288 ’
551 304 621 356 τιτι
638 304 723 356 mvn

156 442 230 500 “En
245 443 326 516 tibi,”
341 443 443 520 inquit,
457 446 477 481 “
486 455 517 502 ut
529 446 646 513 sentias,
661 445 746 521 qudm
771 446 825 504 vile
849 465 952 523 corpus
972 448 1009 507 sit
1022 449 1057 508 iis
1073 449 1122 525 qni

157 511 325 597 “magnam
338 523 457 599 gloriam
471 524 570 582 vident
581 544 588 580 :
598 525 615 552 ’'
630 525 814 599 dextramque
828 544 952 584 accenso
966 528 1001 584 ad
1016 529 1124 586 sacrifi·

155 599 233 656 cium
249 600 343 658 foculo
357 602 468 678 injicit:
490 622 574 676 quam
589 623 677 677 quum
692 603 767 660 velut
781 603 903 661 alienato
918 605 953 662 ab
967 621 1054 662 sensu
1068 617 1124 663 tor·

123 732 134 750 ‚
155 689 231 736 reret
245 679 357 750 animo,
385 679 472 756 propri
487 681 623 738 attonitus
644 681 783 738 miraculo
804 701 865 748 rex,
887 701 974 756 quum
997 685 1035 740 ab
1055 685 1124 741 sede

155 759 205 817 sud
221 759 405 832 prosiluisset,
420 759 599 832 amoverique
624 760 660 816 ab
679 759 814 816 altaribus
833 761 970 835 juvenem
984 761 1124 837 jussisset,
1145 771 1159 810 ⁵

155 837 174 868 “
186 833 234 892 Tu
250 855 317 894 vero
331 837 530 925 abi,''·inquit,t
542 840 561 922 ‘j
568 837 640 916 inte
651 838 756 913 magis,
777 837 863 912 qudm
885 839 915 895 in
931 859 986 906 me,
1012 841 1126 897 hostilia

154 915 174 948 “
186 933 281 972 ausus.
324 915 342 971 J
345 901 461 972 ube‘r'e‘rb
473 897 571 978 ‘Raeti
586 899 687 983 iiriui'e‘
701 936 774 987 esse,
789 916 812 972 si
821 936 872 991 pro
885 919 948 972 mea
962 919 1056 992 patriti
1071 919 1126 976 ista

155 994 174 1027 “
186 993 274 1052 virtus
287 1004 382 1050 staret.
424 993 513 1050 Nunc
524 994 588 1070 jure
603 993 669 1051 belli
693 995 815 1051 liberum
839 1005 867 1050 te
881 994 1021 1052 intactum
1036 997 1126 1054 invio-

90 1071 93 1078 '
155 1071 566 1146 “latumquehincdimitto.''
608 1072 687 1129 Tum
701 1071 828 1139 Mucius,
843 1073 923 1146 quasi
938 1093 1126 1132 remunerans

154 1150 298 1222 meritum,
319 1149 624 1224 “Quandoquidem”
652 1151 753 1225 inquit,
782 1154 853 1207 “est
879 1152 955 1224 apud
978 1163 1005 1208 te
1030 1152 1124 1209 virtuti
1136 1161 1160 1200 1⁰

156 1231 174 1263 ‘¹
188 1229 288 1300 honos,
302 1239 334 1285 nt
348 1227 490 1284 beneficio
505 1229 603 1286 tuleris
617 1248 701 1300 ame,
716 1229 791 1302 qnod
806 1228 891 1284 minis
906 1230 1049 1303 nequisti;
1071 1242 1125 1286 tre·
1166 1257 1168 1260 ·

154 1308 174 1341 “
186 1307 264 1364 centi
278 1306 489 1382 conjuravimus
503 1307 648 1382 principes
669 1307 827 1382 juventutis
841 1306 993 1373 Romanae,
1007 1308 1081 1367 utin
1096 1318 1125 1364 te

154 1387 173 1420 “
186 1386 241 1454 hqo
265 1385 313 1442 vit
334 1403 536 1460 grassaremur.
589 1384 658 1442 Mea
678 1385 770 1459 prima
791 1404 851 1442 sors
875 1383 945 1454 fuit·
974 1385 1079 1455 caeteri,
1094 1397 1125 1443 ut

154 1467 174 1500 “
186 1463 290 1538 cuique
304 1460 443 1520 ceciderit
455 1460 556 1536 prime,
578 1463 671 1538 quoad
694 1473 721 1519 te
736 1474 928 1537 opportunum
949 1462 1062 1521 sortuna
1077 1465 1126 1520 de·

155 1547 173 1579 “
186 1543 269 1609 derit,
284 1560 336 1598 suo
349 1541 467 1615 quisque
484 1550 620 1616 tempore,
636 1541 812 1598 aderunt.”r
1104 1587 1111 1606 „
1135 1549 1159 1590 1⁵
1174 1521 1185 1599 ,³¹

194 1698 292 1767 x111.4
318 1697 450 1754 Mucium
474 1695 624 1754 dimissum
644 1697 706 1774 (cui
727 1708 827 1774 postea
850 1697 987 1756 Scaevolae
1011 1699 1124 1756 aclade

155 1780 261 1836 dextrae
275 1775 381 1834 mantis
394 1795 556 1851 cognomen
570 1776 707 1852 inditum)
724 1777 811 1852 legati
826 1797 843 1834 a
857 1777 984 1833 Porsena
998 1777 1124 1834 Romam

155 1857 246 1915 secuti
268 1867 344 1912 sunt.
399 1851 482 1911 Aded
503 1865 629 1912 moverat
649 1874 715 1913 eum
736 1867 765 1912 et
785 1855 868 1930 primi
890 1855 1009 1929 periculi
1030 1857 1124 1927 casus,
1188 1857 1192 1865 ’

155 1956 210 2012 quo
225 1934 295 1993 nibil
310 1953 340 1992 se
354 1943 455 2009 praeter
474 1952 597 1990 errorem
620 1933 937 2000 insidiatoris⁵texisset
951 1943 980 1989 et
1000 1933 1128 1990 subeun-

155 2015 192 2072 da
206 2013 352 2072 dimicatio
366 2011 458 2081 toties,
472 2021 541 2086 quot
553 2011 693 2088 conjurati
714 2021 905 2086 superessent,
921 2021 952 2067 ut
964 2011 1042 2085 pacis
1057 2021 1159 2069 con-2⁰

85 2095 87 2099 ’
155 2093 278 2150 ditiones
293 2092 366 2148 ultro
387 2091 473 2148 ferret
492 2090 642 2148 Romanis.
691 2090 837 2147 Jaotatum
859 2089 889 2146 in
914 2089 1126 2146 conditionibus

154 2172 345 2246 nequidquam
371 2169 407 2224 de
428 2168 596 2242 Tarquiniis
619 2169 649 2226 in
670 2187 791 2244 regnum
819 2167 1012 2240 restituendis,
1034 2167 1126 2243 magis

154 2251 221 2324 quia
241 2249 270 2305 id
291 2265 397 2322 negare
419 2246 479 2320 ipse
500 2247 667 2320 nequiverat
687 2245 864 2320 TarquiniiS,
878 2244 963 2318 quam
984 2244 1060 2319 quod
1076 2265 1126 2302 ne-

154 2339 253 2404 gatum
267 2325 301 2384 iri
323 2324 377 2381 sibi
398 2325 434 2398 ab
448 2324 590 2380 Romanis
610 2325 761 2399 ignoraret.
804 2323 849 2379 De
864 2342 932 2398 agro
954 2323 1125 2398 Vejentibus

131 2404 331 2475 ,restituendo
359 2402 560 2479 impetratum:
601 2421 793 2478 expressaque
824 2401 981 2458 necessitas
1010 2401 1160 2472 obsides&

155 2484 243 2540 dandi
265 2481 415 2552 Romame,
429 2480 453 2537 si
467 2479 601 2538 Janiculo
614 2480 777 2556 praesidium
793 2479 898 2536 deduci
912 2479 1026 2536 vellent.
1069 2479 1125 2536 His

155 2560 368 2619 conditionibus
389 2559 547 2634 composita
567 2577 649 2634 pace,
670 2559 835 2628 exercitum,
859 2558 895 2614 ab
922 2557 1056 2616 Janicnlo
1077 2559 1126 2615 de·

155 2640 238 2698 duxit
251 2639 387 2708 Porsena,
401 2648 430 2694 et
443 2656 511 2712 agro
525 2637 660 2696 Romano
674 2637 806 2694 excessit.
849 2636 949 2694 Patres
963 2637 997 2693 C.
1014 2637 1125 2708 Mucio,

155 2718 266 2776 virtutis
280 2717 378 2788 causti,
392 2727 470 2773 trans
483 2715 613 2772 Tiberim
628 2735 728 2794 agrurn
738 2717 814 2772 dono
827 2715 941 2784 dedere,
950 2733 1013 2788 qnae
1028 2725 1127 2790 postea

155 2808 223 2854 sunt
243 2796 349 2868 Mucia,
364 2805 445 2870 prata
472 2795 621 2869 appellata.
676 2795 763 2870 Ergo,
791 2794 830 2850 ita
854 2793 990 2849 honorata
1011 2791 1160 2860 virtute,³⁰

155 2875 280 2932 foeminae
294 2892 405 2948 quoque
419 2873 454 2930 ad
477 2872 592 2947 publica
605 2874 710 2930 decora
723 2873 863 2930 excitatae.
905 2871 944 2928 Et
958 2871 1060 2928 Cloelia
1073 2872 1126 2928 vir·

154 2971 201 3029 go,
223 2973 281 3012 nna
301 2972 337 3010 ex
357 2951 512 3020 obsidibus,
533 2969 621 3024 quum
641 2963 736 3008 castra
757 2951 942 3008 Etruscorum
964 2949 1035 3006 forte
1050 2949 1127 3006 haud

154 3033 254 3106 procul
282 3031 344 3106 ripa
368 3029 485 3100 Tiberis
508 3029 602 3086 locata
621 3040 727 3096 essent,
749 3029 883 3085 frustrata
902 3028 1047 3095 custodes»,
1068 3029 1127 3096 dun

91 3145 99 3158 -
156 3111 280 3186 agminis
294 3110 446 3186 virginum,
462 3107 535 3165 inter
547 3107 604 3164 tela
617 3109 741 3165 hostium
755 3105 886 3164 Tiberim
901 3105 1039 3175 tranavit;
1068 3125 1127 3163 sos-

152 3187 284 3263 pitesque
298 3205 398 3246 omnes
412 3187 536 3243 Romam
560 3187 595 3242 ad
617 3186 788 3262 propinquos
802 3185 932 3242 restitnit.
952 3183 1063 3245 “Quod
1077 3185 1126 3241 ubi
1136 3192 1160 3231 ³⁵

157 3267 218 3341 regi
240 3266 403 3324 nuntiatum
424 3275 477 3336 est,
505 3263 597 3339 primo
624 3265 760 3322 incensus
780 3263 832 3331 ira,
854 3274 980 3320 oratores
1002 3263 1126 3320 Romam

157 3343 241 3416 misit¹
248 3345 283 3405 ad
299 3335 431 3401 Cloeliarn
444 3343 573 3400 obsidem
595 3343 826 3418 deposcendam3
848 3340 918 3398 alias
931 3341 1007 3398 hand
1030 3342 1126 3416 magni

144 3421 271 3482 tacere:
305 3423 410 3480 deinde
432 3422 462 3478 in
488 3421 707 3478 admirationem
732 3439 838 3486 verene,
860 3423 974 3494 “supra
1000 3418 1127 3476 Coclites

158 3503 177 3536 ‘⁴
190 3501 387 3576 Muciosqne'’
413 3501 512 3557 dicere
535 3503 554 3535 “
564 3499 594 3556 id
615 3499 728 3556 facinus
748 3497 843 3565 esse‚”
865 3507 893 3554 ot
913 3515 971 3571 prae
992 3513 1022 3551 se
1045 3496 1127 3569 ferre,

160 3582 178 3615 “
190 3581 442 3656 quemadmodum,
463 3579 487 3636 si
509 3597 566 3636 non
587 3579 707 3636 dedatur
720 3577 814 3642 obses,
828 3594 879 3650 pro
893 3585 974 3648 rupto
988 3592 1019 3630 se
1035 3574 1127 3632 fredus
1136 3591 1162 3628 ro

160 3661 179 3694 “
191 3659 372 3728 habiturum3
393 3659 436 3716 sic
447 3658 583 3724 deditam,
606 3656 767 3714 inviolatam
782 3653 817 3710 ad
832 3671 897 3709 suos
911 3651 1127 3710 remissurum.'‘
1147 3657 1152 3666 '

156 3737 309 3814 ¹Utrimque
322 3737 450 3796 constitit
463 3737 550 3794 fides·
576 3746 606 3793 et
619 3733 745 3792 Romani
759 3732 863 3808 pignus
877 3731 956 3806 pacis
970 3749 1006 3788 ex
1020 3730 1128 3790 foedere

510 3883 526 3924 q,
