2620 4220
488 349 594 402 LIBER
610 351 708 400 XXIII.
741 364 878 400 camur..
1105 350 1166 410 209

205 501 225 532 a
234 493 326 558 ‘citus
340 491 483 553 hostium:
515 492 617 550 mittite
632 493 736 550 milites
750 493 838 550 mihi:
873 491 961 554 Quid
986 491 1063 548 aliud
1074 510 1167 567 ,roga-

205 581 288 638 “res,
304 572 327 628 si
342 589 420 628 esses
433 571 546 628 victusl
568 581 576 624 .‘
590 572 722 631 Hostium
738 571 801 646 cepi
817 572 884 628 bina
897 582 998 642 castra,
1011 570 1114 644 praedae
1129 567 1167 626 vi·

206 659 225 686 ‘⁸
236 659 243 686 ⁴
253 649 359 706 delicet
371 649 456 724 plena
470 659 500 705 et
513 660 722 707 commeatuum
737 668 743 705 :
777 650 951 706 frumentum
972 658 1001 704 et
1013 647 1166 722 pecuniam

207 728 338 784 “tdatess
379 726 462 788 Quid
483 727 570 799 aliud,
591 727 615 783 si
638 727 781 802 spoliatus,
806 727 829 783 si
849 738 951 784 exutus
964 725 1064 782 castris
1077 743 1166 792 esses,

184 807 369 880 a“peteres‘l
412 803 458 874 Et,
473 823 511 860 ne
524 805 621 860 omnia
636 805 695 878 ipse
717 805 811 870 mirer,
841 804 925 880 (mihi
945 823 1055 878 quoque
1078 803 1166 870 enirn,

207 883 371 957 “quoniam
386 883 518 1016 relspondi
534 882 702 948 Himilconi,
727 882 901 957 interrogare
923 881 970 957 jus
992 882 1087 955 sasque
1109 881 1167 959 est)

207 969 225 996 “
235 961 329 1028 velim,
342 979 393 1017 seu
441 960 544 1030 imilco,
560 979 610 1017 seu
625 959 713 1034 Mago
726 961 915 1034 respondeat3
936 979 1023 1034 quum
1032 960 1067 1014 ad
1083 959 1168 1016 inter·

206 1039 386 1094 “necionem
400 1037 524 1094 Romani
539 1038 651 1112 imperii
665 1049 821 1112 pugnatum
847 1038 883 1108 ad
907 1037 1024 1094 Cannas
1037 1037 1084 1108 sit,
1098 1055 1167 1094 con-

206 1126 344 1190 “stetque
358 1116 388 1172 in
403 1115 564 1172 defectione
582 1125 669 1172 totam
692 1115 803 1172 Italiam
818 1135 881 1172 esse
890 1135 897 1185 ;
929 1115 1055 1190 primum
1068 1115 1167 1189 ecquis

174 1209 196 1246 n
205 1204 225 1229 “
236 1194 331 1250 Latini
345 1194 469 1252 nominis
482 1194 601 1269 populus
614 1193 752 1251 defecerit
773 1195 808 1249 ad
829 1195 905 1250 noel
920 1199 922 1204 '
939 1194 1044 1250 deinde
1065 1193 1167 1266 ecquis

207 1273 330 1344 “homo,
351 1291 393 1330 ex
420 1272 545 1346 quinque
568 1283 597 1329 et
618 1271 734 1348 triginta
754 1272 893 1341 tribubus,
915 1272 950 1328 ad
972 1271 1167 1328 Hannibalern

206 1359 225 1385 “
235 1350 417 1426 transfugerit
427 1352 438 1406 l
450 1349 466 1376 ”
508 1349 609 1412 Quum
624 1361 774 1424 utrumque
789 1349 877 1425 Mago
890 1350 1042 1426 negdsset3
1066 1346 1167 1408 “Hos-

205 1429 306 1485 “tium
326 1429 442 1504 quidem
463 1429 560 1504 ergo,'’
576 1428 676 1502 inquit,
699 1427 822 1484 “adhuc
836 1427 922 1484 nimis
937 1427 1055 1483 multum
1070 1445 1167 1501 super·

205 1509 223 1542 ‘¹
232 1517 296 1564 est:
327 1507 388 1574 sed,
403 1506 554 1564 multitudo
567 1525 602 1564 ea
615 1506 683 1580 quid
698 1506 867 1578 animorum,
891 1505 993 1580 quidve
1007 1505 1067 1580 spei
1082 1505 1167 1562 habe·

117 1605 120 1610 ’
175 1593 225 1634 ¹5⁴⁴
235 1600 273 1657 at,
287 1585 363 1642 scire
377 1585 491 1642 velim.”

245 1741 333 1798 XIII.
354 1740 465 1814 Quum,
480 1741 509 1802 id
523 1742 645 1816 nescire,
660 1741 748 1820 Mago
761 1740 890 1813 diceret;
925 1739 1034 1800 “Nihil
1054 1738 1166 1798 facilins

202 1829 227 1856 ·“
237 1821 311 1878 scitu
324 1822 395 1891 est,''
410 1820 509 1894 inquit.
552 1832 570 1858 ‘⁴
581 1821 695 1896 Ecquos
709 1822 817 1896 legatos
834 1823 870 1878 ad
892 1820 1085 1878 Hannibalern
1106 1818 1166 1876 Ro·

206 1899 311 1956 “mani
339 1899 477 1964 miserunt
496 1899 533 1955 de
560 1903 655 1974 pacal
690 1918 810 1974 ecquam
837 1899 960 1974 denique
990 1897 1165 1954 mentionem

206 1977 313 2052 “pacis
327 1977 429 2034 Roma·
443 1977 547 2034 factam
561 1996 634 2044 esse,
649 1977 762 2035 allatum
778 1978 813 2034 ad
827 1997 875 2034 ros
888 1979 951 2033 estl
962 1975 980 2002 '⁹
1020 1973 1122 2035 Quum
1137 1975 1165 2030 id

171 2069 316 2128 aequoque
330 2057 474 2130 negdsset,
499 2055 640 2112 “Bellum
656 2056 772 2131 igitur,''
789 2056 887 2129 inquit,
913 2065 931 2090 “
942 2065 999 2110 tam
1021 2053 1164 2130 integrum

205 2143 225 2168 “
235 2133 383 2205 habemus,
397 2131 654 2207 qudm'habuimus,
669 2136 722 2208 qud
737 2134 784 2190 die
799 2133 943 2190 Hannibal
955 2133 985 2188 in
1000 2131 1111 2188 Italiam
1122 2141 1166 2187 est

207 2219 435 2286 “transgressus
475 2211 574 2272 Quam
601 2212 678 2268 varia
705 2211 821 2268 victoria
840 2211 932 2286 priore
959 2209 1070 2268 Punico
1091 2209 1166 2266 bello

208 2299 226 2324 “
238 2288 328 2359 suerit,
342 2288 477 2363 plerique,
494 2289 542 2364 qui
557 2289 779 2362 meminerimus,
794 2307 993 2364 supersumus:
1018 2305 1164 2362 nunquam

207 2376 225 2402 “
236 2368 309 2422 terrai
325 2367 450 2440 marique
466 2367 556 2441 magis
573 2386 713 2442 prosperae
728 2387 773 2424 res
788 2378 889 2425 nostre
904 2366 972 2423 visae
987 2377 1064 2442 sunt,
1079 2366 1163 2440 quaint

172 2453 225 2496 Ψ
235 2454 299 2501 ante
314 2445 447 2502 eonsules
460 2444 494 2502 O.
509 2444 655 2502 Lutatium
670 2454 699 2502 et
712 2447 748 2502 A.
764 2444 940 2504 Postumium
952 2444 1074 2502 suerunt.
1107 2444 1165 2500 Lu·

205 2521 302 2578 “tatio
325 2523 354 2579 et
375 2522 522 2582 Postumio
540 2523 715 2589 consulibus,
734 2524 839 2580 devicti
860 2523 895 2579 ad
917 2523 1037 2598 AEgates
1058 2521 1165 2579 insulas

206 2608 350 2656 “sumus·
381 2599 470 2661 Quod
484 2601 507 2658 si
524 2601 566 2678 (id
580 2602 654 2675 quod
668 2601 717 2657 Dii
730 2621 815 2658 omen
830 2611 957 2658 avertant
967 2602 990 2678 l)
1005 2619 1083 2657 nunc
1096 2619 1165 2674 quo-

166 2719 168 2724 .
207 2686 225 2713 “
234 2697 288 2752 que
303 2677 414 2736 fortuna
429 2677 534 2754 aliquid
548 2679 714 2748 varia-verim
746 2690 805 2736 tum
820 2697 921 2754 pacem
935 2679 1063 2753 speratis,
1076 2697 1163 2752 quarn

185 2781 187 2786 ·
205 2765 225 2791 ‘⁴
236 2757 391 2828 vincemur,
405 2775 490 2832 quam
505 2757 693 2831 nunc,'quum
709 2757 859 2822 vincimus,
881 2757 930 2813 dat
944 2757 1049 2812 nemol
1090 2753 1162 2830 Ego,

170 2845 196 2886 ao
206 2833 256 2890 “si
270 2835 333 2908 quis
347 2835 382 2891 de
396 2854 466 2910 pace
481 2835 619 2902 consulet,
641 2853 691 2890 seu
716 2834 869 2892 deferenda
893 2835 1030 2903 hostibus,
1054 2852 1104 2890 seu
1119 2851 1165 2890 ac-

206 2912 375 2987 “cipiendln
400 2911 501 2984 habeo,
525 2911 592 2986 quid
614 2913 762 2969 sententiar
781 2913 895 2970 dicam:
930 2913 953 2969 si
978 2912 1014 2968 de
1035 2911 1079 2978 iis,
1101 2930 1163 2985 quaa

205 2989 322 3064 “Mago
336 2991 467 3064 postulat,
482 2990 602 3062 refertis,
617 3009 672 3046 nee
686 2991 840 3048 victoribus
853 2991 926 3047 mitti
941 2990 1061 3048 attinere
1075 2999 1143 3064 puto
1155 3011 1162 3058 ;

205 3076 262 3123 “et
282 3067 481 3124 frustrantibus
501 3087 553 3126 nos
573 3068 642 3124 falsa
673 3079 757 3142 atque
779 3069 859 3125 inani
883 3087 932 3144 spe
953 3065 1043 3124 multb
1064 3067 1163 3124 minus

205 3153 339 3203 “censeo
361 3146 501 3204 mittenda
526 3147 618 3202 esse.''
668 3147 754 3203 Haud
780 3146 884 3204 multos
904 3146 990 3203 morit
1010 3145 1164 3203 Hannonis

169 3224 312 3280 coratio:
345 3243 412 3280 narn
439 3234 468 3281 et
493 3224 621 3280 simultas
648 3243 714 3280 curn
747 3224 854 3280 familiai
882 3223 1006 3282 Barcina
1029 3223 1163 3282 leviorem

204 3311 347 3358 auctorem
363 3301 495 3374 faciebat,
519 3311 548 3358 et
570 3303 703 3376 occupati
717 3302 805 3359 animi
819 3303 949 3378 praesenti
964 3303 1061 3360 laetitia
1081 3302 1162 3370 nihil,

203 3398 259 3452 quo
273 3381 373 3436 vanius
387 3379 467 3436 lieret
479 3380 615 3454 gaudium
637 3400 729 3448 suum,
750 3381 864 3438 auribus
878 3381 1083 3438 admittebant:
1115 3381 1163 3436 de-

204 3457 395 3532 bellatumque
409 3477 475 3515 mox
489 3458 556 3526 fore,
571 3458 595 3514 si
610 3459 699 3516 anniti
724 3459 868 3535 pauluhim
887 3459 1049 3526 voluissent,
1064 3458 1164 3516 reban-

203 3545 258 3592 tur.
299 3535 399 3610 Itaque
414 3535 523 3612 ingenti
537 3555 679 3593 consensu
694 3537 1030 3609 fitsenatris-consultum,
1042 3547 1072 3594 ut
1084 3537 1163 3594 Han-

169 3613 292 3672 annibali
306 3625 425 3688 quatuor
438 3613 629 3671 Numidarum
640 3616 727 3673 millia
739 3617 767 3673 iu
779 3617 1006 3691 supplementum
1019 3615 1163 3672 mitteren-

203 3702 257 3764 tur,
272 3703 301 3749 et
314 3693 501 3768 quadraginta
514 3693 666 3768 elephanti,
681 3705 710 3751 et
724 3695 833 3770 argenti
846 3693 934 3750 multa
947 3694 1061 3750 talenta.
1095 3691 1164 3748 Dic·

203 3781 331 3847 tatorque
345 3790 411 3829 cum
425 3771 551 3906 Maggpe
566 3771 595 3828 in
610 3772 777 3848 Hispaniam
800 3772 961 3848 praemissus
979 3783 1032 3844 est,
1047 3769 1083 3827 ad
1097 3787 1163 3829 con·
