2620 4220
476 329 583 382 LIBER
599 330 693 381 XXVI.
710 345 773 382 cte.
784 347 821 381 rx.
1073 337 1134 400 212

169 471 337 549 municipia,
351 487 469 548 queque
483 484 596 550 propter
608 491 674 532 earn
688 473 761 531 viam
787 483 863 547 sunt,
885 473 1004 542 Setiun,
1018 473 1134 552 Coram,

170 552 342 624 Lanuvium,
366 552 511 626 premisit,
536 563 568 608 ut
588 564 765 610 commeatus
789 569 904 628 paratos
920 563 950 610 et
972 553 1003 610 in
1017 555 1135 613 urbibus

123 685 124 688 ,
170 631 318 698 haberent,
333 641 411 688 etex
426 630 506 706 agris
516 630 606 687 deviis
619 631 649 688 in
673 631 746 688 viam
766 630 934 706 proferrent,
948 632 1135 708 praesidiaque

169 708 199 766 in
215 709 300 766 urbes
319 707 535 782 contraherenq'
553 719 584 766 ut
608 727 660 765 sua
680 709 786 784 cuique
801 727 847 766 res
860 709 976 786 publice
996 711 1026 768 in
1047 718 1135 769 munu'

146 797 254 847 cesset.
638 809 641 817 ¹

208 937 263 1001 IX.
286 939 443 1017 Hannibal,
457 959 514 1019 quo
527 943 574 1000 die
587 939 763 1003 Vulturnum
784 953 828 1001 est
840 955 1044 1020 transgressus,
1059 945 1137 1005 haud

168 1022 266 1098 procul
281 1027 298 1078 'a
311 1023 428 1079 flumine
443 1021 652 1098 contraposuit.
694 1021 812 1080 Postem
821 1021 870 1080 die
883 1033 984 1098 preter
999 1024 1085 1082 Cales
1105 1025 1136 1082 in

169 1117 269 1177 agrum
283 1101 445 1158 Sidicinum
459 1101 606 1176 pervenit:
638 1100 677 1157 ibi
692 1098 769 1158 diem
791 1117 880 1158 unum
902 1102 1064 1176 populando
1078 1119 1137 1160 mc-

137 1179 739 1316 rlllnpttilffllll‘ttll{mult
749 1177 1137 1334 §ineluibilft‘llll

169 1337 364 1411 populationes
388 1335 479 1394 sbctae.
522 1336 606 1402 Inde,
633 1345 734 1410 praeter
760 1335 954 1393 interamnam
976 1337 1136 1412 Aquinum·

168 1433 235 1489 que‚·
248 1415 278 1472 in
293 1415 496 1491 Fregellanum
510 1414 661 1490 'agrumad
683 1413 773 1472 Lirim
788 1409 904 1471 fluvium
919 1425 1054 1486 ventum3
1086 1416 1142 1474 ubi'

169 1493 336 1550 intercisum
347 1567 350 1571 ι
358 1505 472 1568 pontem
487 1511 504 1549 a
518 1492 696 1568 Fregellanis
710 1493 840 1550 morandi
860 1493 969 1550 itineris
993 1494 1080 1551 canes
1094 1494 1137 1552 in·

169 1572 254 1634 venit.
303 1572 342 1634 Et
356 1572 489 1628 Fulvium
504 1571 664 1628 Vulturnus
687 1582 819 1629 tenuerat
840 1573 942 1640 amnis,
958 1573 1078 1630 navibus
1098 1573 1136 1630 ab

135 1647 334 1721 1⁵,Hennibale
361 1651 497 1722 incensis,
518 1659 593 1707 rates
624 1650 660 1706 ad
689 1650 892 1726 trajiciendum
912 1651 1084 1720 exercitum,
1106 1651 1137 1710 in

169 1729 386 1804 maguti-inopiis
400 1728 534 1798 materies,
549 1728 623 1804 aegrd
645 1740 868 1804 comparentem.
910 1729 1048 1806 Trajecto
1069 1730 1137 1788 rati·

169 1806 223 1878 bus
236 1807 363 1876 exercitu
378 1807 518 1882 reliquum
532 1806 634 1870 Fulvio
647 1807 812 1882 expeditum
826 1807 889 1875 iter,
905 1825 963 1865 non
985 1827 1034 1882 per
1046 1809 1135 1866 urbes
1202 1819 1207 1826 '

168 1885 263 1955 mcdd,
277 1886 326 1942 sed
337 1886 420 1942 circa
434 1885 518 1958 viam,
532 1885 667 1960 expositis
681 1885 805 1962 benigne
820 1885 1037 1956 commeatibus,
1052 1896 1133 1944 erat:

169 1963 333 2038 alacresque
347 1964 451 2020 milites
473 1963 546 2020 alius
569 1964 667 2031 alium,
693 1975 724 2020 ut
737 1965 855 2020 adderet
875 1965 1007 2040 gradum·
1028 1982 1136 2021 memor

133 2042 204 2098 mad
226 2038 436 2099 defendendam
457 2042 498 2098 irc
519 2042 649 2118 patriam,
677 2042 871 2100 hortabantur.
922 2042 1046 2099 Romam
1069 2041 1138 2099 Fre·
1161 2047 1163 2050 ’

168 2119 300 2196 gellanus
314 2121 441 2188 nuntius,
456 2121 533 2178 diem
547 2131 718 2194 noctemque
730 2120 832 2177 itinere
846 2119 1022 2186 continuato,
1038 2120 1138 2194 ingen·

168 2208 228 2255 tem
240 2199 333 2256 attulit
341 2209 474 2262 terrorem
487 2218 495 2255 t
509 2198 724 2266 tumultuosius,
733 2197 819 2273 qudm
832 2198 947 2254 allatum
957 2207 1027 2268 erat,
1035 2213 1138 2255 cursus

124 2327 127 2330 .
168 2276 327 2349 hominum,
343 2277 540 2352 affingentium
555 2295 628 2332 vana
642 2277 756 2348 auditis,
781 2286 869 2334 totam
884 2276 984 2333 urbem
1003 2275 1138 2333 'concire-

169 2355 220 2410 ret.
262 2349 391 2412 Pleratus
406 2355 556 2419 mulierum
571 2371 629 2411 non
651 2371 688 2412 ex
709 2355 825 2430 privatis
839 2353 929 2412 solum
943 2354 1138 2412 domibusex·

132 2433 355 2503 §audiebatun
377 2434 428 2490 sed
443 2434 569 2508 undique
583 2443 729 2506 matronis,
751 2433 781 2490 in
801 2432 948 2508 publicum
963 2433 1070 2503 effusae,
1085 2432 1139 2491 cir·

169 2530 205 2570 ca
216 2511 308 2569 Derim
323 2512 442 2569 delubra
455 2511 630 2580 discurrunt,
645 2512 773 2572 crinibus
787 2511 878 2587 passis
900 2529 962 2567 aras
977 2519 1133 2578 verrentes,
1161 2581 1164 2588 .

88 2661 97 2668 ,
168 2589 244 2647 nixae
257 2591 392 2666 genibus,‘
403 2591 521 2664 supinas
534 2607 636 2647 manus
650 2591 687 2647 ad
700 2589 806 2647 coelum
824 2607 865 2646 ec
879 2587 957 2645 Deos
971 2588 1135 2654 tendentes,

168 2680 349 2743 orantesque,
364 2679 396 2726 ut
410 2670 509 2726 urbem
525 2669 688 2726 Romanam
712 2687 728 2724 e
752 2667 884 2724 manibus
909 2665 1032 2738 bostium
1046 2665 1138 2740 eripe-

168 2757 251 2815 rent3
274 2759 432 2822 matresque
448 2747 596 2804 Romanas
610 2757 639 2804 et
651 2741 755 2803 liberos
769 2759 872 2820 parvos·
882 2741 1032 2802 inviolatos
1046 2757 1138 2800 serta-

128 2836 242 2884 ecrent.
285 2825 410 2885 Senatus
428 2825 641 2901 magistratibus
650 2825 679 2880 in
695 2824 754 2880 foro
765 2833 866 2898 praestc
880 2832 934 2894 est,
947 2821 1051 2896 siquid
1066 2837 1136 2878 con-

169 2904 262 2961 sulerc
276 2905 373 2961 velint.
415 2903 475 2960 Alii
489 2903 636 2978 accipiunt
650 2901 776 2977 imperia,
796 2901 1005 2975 disceduntque
1020 2899 1055 2956 ad
1070 2915 1137 2956 suas

169 2982 292 3058 quisquc
302 2983 466 3040 officiorum
473 2992 586 3058 partes:
608 2981 656 3038 alii
669 2981 793 3039 offerunt
806 2999 852 3051 se‚·
870 2980 894 3037 si
918 2978 975 3054 qud
989 2995 1138 3054 usus-ope·

169 3075 210 3118 τω
223 3061 278 3118 sit:
299 3061 432 3136 praesidia
446 3061 475 3118 in
497 3079 573 3128 arce,
589 3062 617 3118 in
643 3060 794 3135 Capitolio,
816 3059 845 3117 in
867 3059 970 3132 muris,
988 3057 1068 3114 circa
1090 3073 1138 3114 ur.-

170 3139 245 3206 bem,
261 3139 291 3197 in
302 3151 398 3197 monte
410 3139 495 3197 etiam
506 3137 620 3197 Albano
632 3150 714 3213 atque
727 3157 792 3194 arce
822 3135 974 3203 AEsulans,
983 3145 1137 3212 ponuntur.

134 3217 250 3278 ulnter
272 3219 349 3275 hunc
364 3218 527 3285 tumultum,
540 3218 581 3280 Q.
601 3218 735 3274 Fulvium
755 3215 956 3292 proconsulem
976 3215 1138 3290 protectum

170 3312 238 3354 cum
252 3297 380 3354 exercitu
395 3315 411 3354 a
425 3296 526 3372 capus
541 3297 674 3365 affertur;
700 3295 751 3352 ‘cui
773 3313 810 3352 ne
835 3294 1010 3351 minueretur
1024 3291 1138 3366 imperi-

170 3393 230 3446 um,
251 3375 275 3432 si
297 3375 326 3432 in
347 3375 454 3436 Urbem
475 3376 608 3448 venisset,
629 3373 762 3431 decernit
781 3383 907 3445 senatus,
929 3381 961 3430 ut
980 3371 1020 3432 Q.
1036 3369 1138 3428 Fulvio

170 3471 220 3530 pur
242 3471 310 3514 cum
333 3454 499 3512 consulibus
523 3454 674 3529 imperium
688 3463 772 3510 esset.
827 3450 984 3522 Hannibal,
1005 3447 1138 3506 infestius

170 3533 355 3610 perpopulato
374 3549 443 3609 agro
464 3531 635 3609 Fregellano
648 3543 761 3607 propter
782 3529 932 3588 intercisos
956 3538 1065 3604 pontes,
1086 3539 1138 3601 per

135 3619 162 3662 ⁴⁰
171 3609 353 3669 Frusinatem
368 3611 640 3686 Ferentinatemque
654 3621 683 3668 et
697 3610 885 3687 Anagninum
900 3625 999 3684 agrum
1010 3607 1040 3662 in
1055 3603 1139 3660 Lati-

171 3709 278 3749 canum
293 3691 387 3748 venit:
419 3691 486 3748 inde
509 3689 615 3766 Algido
628 3688 790 3747 Tusculum
805 3687 886 3762 petiit
896 3705 909 3764 :-
934 3703 989 3742 nec
1003 3689 1138 3770 receptus

170 3770 323 3843 moenibus,
338 3769 413 3828 infra
426 3769 588 3828 Tusculum
603 3768 765 3826 dextrorsus
778 3766 886 3824 Gabios
899 3761 1065 3821 descendit:
1093 3777 1139 3819 111·
