2620 4220
495 352 600 402 LIBER
615 351 700 400 XXII.
733 365 868 402 camum.
1104 353 1161 416 197

201 495 336 554 Roma-na
348 493 473 552 trecenis
487 493 612 550 nummis
625 493 807 583 quadrigata,
829 492 859 550 in
873 491 966 550 socios
979 491 1109 559 ducenis,
1131 493 1161 552 Ιιι

201 592 296 632 servos
316 573 457 644 centenis,
478 583 507 628 et
528 583 568 638 ut,
596 590 631 628 eo
651 572 748 646 pretio
768 571 919 646 persoluto,
951 589 1018 627 cum
1041 570 1162 645 siugulis

201 652 313 709 abirent
326 651 510 721 vestimentis,
526 651 555 706 in
569 660 662 706 castra
676 650 781 713 hostes
790 659 983 724 acceperuut3
1010 648 1162 722 traditique

202 730 232 787 Ιιι
246 730 406 787 custodiam
419 747 520 785 omnes
533 739 609 794 suut,
624 745 751 784 seorsum
765 727 843 784 cives
856 726 992 800 sociique.
1033 726 1111 784 Dum
1122 727 1163 784 ibi

179 819 323 884 atempus
323 809 437 876 teritur,
458 807 567 864 interea
586 823 673 878 quum
697 823 735 862 ax
757 805 911 880 majoribus
931 804 1039 874 castris,
1061 805 1164 879 quibus

201 887 269 944 satis
282 887 384 943 virium
399 897 448 942 aut
468 884 556 940 animi
578 883 640 954 mir,
661 883 696 939 ad
717 893 848 957 quatuor
857 883 947 940 millia
967 851 1113 940 ΙιοιιιΙιιιιιιι
1134 895 1164 940 et

201 965 318 1022 ducenti
339 964 459 1038 equites,
481 961 529 1018 alii
551 961 675 1042 agmine,
699 962 746 1018 elii
768 961 853 1036 palati
867 961 971 1036 passim
993 979 1042 1035 per
1070 979 1162 1036 agros,

200 1044 275 1118 quod
290 1043 365 1098 haud
381 1040 477 1098 mimis
490 1051 582 1098 tutum
597 1051 666 1108 erat,
682 1039 840 1102 Canusium
854 1038 1053 1114 perfugissent,
1069 1051 1163 1097 castra

201 1122 261 1196 ipsa
275 1119 430 1194 abusauciis
443 1119 606 1193 timidisque
622 1117 723 1174 eadem
739 1118 911 1187 conditione,
925 1121 980 1192 qui
995 1117 1093 1189 altera,
1108 1128 1163 1174 tra·

169 1211 192 1251 ιι
201 1199 260 1256 dita
274 1199 356 1256 hosti.
397 1198 497 1254 Praeda
512 1197 614 1272 ingens
627 1206 706 1270 parta
719 1207 781 1254 est:
809 1205 847 1262 et,
861 1206 963 1270 praeter
977 1214 1064 1270 equos
1078 1196 1165 1253 viros·

200 1295 264 1351 que,
279 1287 307 1334 et
321 1277 344 1333 si
358 1276 426 1350 quid
441 1276 552 1350 argenti
574 1273 663 1350 (quod
677 1275 829 1349 plurimum
844 1275 873 1330 in
888 1274 1012 1348 phaleris
1023 1293 1170 1349 equorum.

199 1366 276 1425 erat,
296 1373 363 1412 nam
378 1355 414 1410 ad
428 1354 602 1412 vescendum
616 1353 692 1410 sacto
707 1352 870 1428 perexiguo,
885 1352 982 1426 utique
996 1352 1162 1420 militantes,

200 1399 376 1510 uterinam),
390 1431 484 1489 omnis
505 1442 609 1489 caetera
623 1431 718 1505 praeda
732 1430 893 1505 diripienda
909 1431 975 1487 data
988 1443 1040 1488 est.
1082 1430 1163 1488 Tum

199 1511 355 1586 sepeliendi
381 1510 469 1568 causa
495 1509 646 1567 conferri'
640 1529 669 1566 ιιι
682 1528 779 1567 unum
804 1527 922 1584 corpora
936 1527 1050 1566 suorum
1069 1508 1163 1584 jussit.

167 1602 191 1641 15
200 1591 246 1647 Ad
261 1601 327 1656 octo
339 1589 428 1647 millia
442 1589 529 1645 fuisse
542 1581 678 1647 dicuntur
692 1587 945 1656 fortissimorum
921 1604 1052 1644 virorum.
1088 1587 1165 1644 Cou-

199 1667 290 1724 sulem
305 1686 416 1742 qnoque
430 1667 597 1728 Romanum
618 1665 809 1740 conquisitum
823 1665 1031 1740 sepultumque,
1045 1665 1163 1740 quidam

200 1752 331 1802 auctores
352 1755 427 1802 suut.
482 1745 548 1814 Eos,
575 1744 625 1818 qui
656 1743 815 1802 Canusium
836 1743 1028 1818 perfugerant,
1059 1743 1161 1802 mulier

202 1824 305 1899 Apule,
321 1825 437 1881 nomine
451 1823 527 1880 Busa
529 1841 656 1898 ‚genere
670 1822 748 1878 clara
761 1841 796 1882 ac
810 1821 924 1893 divitiis,
944 1823 1086 1880 moenibus
1099 1833 1162 1883 tau·

200 1901 270 1959 tiam
265 1903 412 1992 tectisque
427 1921 444 1962 a
458 1901 613 1961 Canusinis
627 1911 770 1974 acceptos,
786 1900 937 1972 frumento,
957 1911 1043 1967 veste,
1059 1900 1163 1958 viatico

165 1991 190 2030 20
200 1981 291 2038 etiam
297 1981 388 2056 juvit3
417 1999 467 2055 pro
481 1982 536 2054 qut
549 1979 576 2038 ei
597 1978 794 2038 munificentia
807 1989 924 2053 postea,
929 1946 1004 2039 bello
1024 1978 1163 2053 perfecto,

161 2059 163 2062 ’
199 2059 236 2115 ab
250 2070 350 2116 senatu
363 2059 486 2116 honores
499 2057 589 2118 habiti
603 2063 677 2114 sunt.

241 2213 324 2272 LIII.
359 2215 511 2286 Caeterrim,
532 2235 619 2290 quum
640 2216 679 2272 ibi
700 2215 810 2274 tribuni·
836 2215 957 2304 militum
979 2226 1099 2290 quatuor
1120 2233 1164 2271 es-

200 2305 273 2368 sent,
300 2294 410 2352 Fabius
432 2263 577 2352 Maxlmus
596 2295 632 2351 de
652 2295 771 2370 legione
784 2294 885 2369 prima,
906 2294 989 2368 cujus
1008 2304 1087 2368 pater
1107 2293 1164 2368 pri·

200 2391 248 2430 ore
262 2391 339 2431 anno
359 2373 480 2430 dictator
500 2373 599 2442 fuerat,
614 2383 643 2429 et
656 2374 699 2429 de
703 2373 816 2448 legione
827 2373 956 2445 secunda
966 2373 999 2430 L.
1015 2372 1164 2432 Publicius

166 2451 320 2508 asBibulus
340 2453 420 2508 etP.
442 2451 592 2508 Cornelius
613 2451 720 2525 Scipio,
738 2462 778 2507 et
807 2452 843 2507 de
869 2439 982 2526 legione
1004 2451 1085 2508 tertia
1107 2451 1164 2525 Ap.

201 2529 343 2586 Claudius
361 2529 495 2596 Pulcher,
516 2529 934 2604 quiproximeaedilisfuerat3
954 2529 1083 2586 omnium
1098 2547 1166 2585 con·

201 2625 288 2664 sensu
302 2609 337 2664 ad
354 2607 387 2664 P
402 2606 575 2696 Scipionem,
591 2607 744 2664 admodum
766 2607 988 2678 adolescentem,
1012 2618 1041 2666 et
1054 2607 1091 2668 ad
1106 2607 1164 2681 Ap.

171 2683 367 2752 claudium,
382 2703 493 2743 summa
506 2685 617 2760 imperii
629 2685 722 2742 dolata
735 2695 795 2744 est.
809 2685 921 2774 quibus
934 2684 1165 2744 consultantibus

202 2763 275 2820 iuter
302 2769 422 2854 paucos·
428 2763 464 2820 de
485 2763 597 2820 summit
619 2783 720 2822 rerum
742 2762 906 2820 nuntiatP.
929 2762 1033 2819 Furius
1054 2762 1163 2832 Philus,

167 2841 523 2908 uconrularis'nnfittus‚
546 2840 777 2915 “Nequidquam
790 2860 839 2898 eos
861 2841 999 2916 perditam
1020 2839 1165 2914 spumoso

203 2928 315 2977 “vere:
349 2921 527 2994 desperatam
549 2920 806 2994 comploratamque
833 2939 893 2976 rem
919 2938 983 2976 esse
1010 2919 1163 2992 publicam.

203 2996 352 3054 “Nobiles
372 2998 492 3072 juvenes
513 2997 660 3070 quosdam,
683 3016 801 3072 quorum
823 2998 982 3073 principem
1002 2997 1036 3053 L.
1051 2996 1165 3053 Oeciti·

203 3083 280 3130 ‘tum
294 3075 453 3145 Metellum,
468 3083 546 3130 mare
560 3093 595 3132 ac
609 3085 695 3132 naves
719 3086 858 3150 spectare,
882 3087 922 3147 ut,
946 3075 1057 3132 deserti
1072 3074 1163 3145 Italia,

204 3153 268 3208 “ad
283 3169 379 3227 regem
399 3153 522 3226 aliquem
545 3153 762 3242 nanssugiant”
804 3153 892 3214 Quod
914 3153 1028 3222 malum,
1051 3163 1164 3228 prater·

64 3287 67 3292 ,
167 3239 286 3304 taquam
301 3241 385 3288 atrox
393 3249 477 3305 super
490 3241 531 3288 tot
545 3231 651 3297 clades,
673 3231 759 3287 etiarn
774 3249 888 3298 novum,
900 3249 986 3305 quum
1002 3242 1115 3305 stupore
1130 3249 1166 3288 ac

203 3307 340 3364 miraculo
353 3309 478 3383 torpidos
501 3308 653 3378 defixisset,
678 3319 715 3377 et,
740 3309 788 3382 qui
810 3309 935 3380 aderant,
950 3309 1102 3373 consilium
1117 3309 1166 3369 ad·

202 3386 364 3442 iocandum
379 3387 415 3442 de
430 3405 464 3442 eo
478 3396 647 3454 censerent;
679 3397 766 3461 negat
780 3387 892 3444 consilii
915 3407 975 3444 rem
989 3405 1051 3444 asso
1066 3386 1166 3462 Scipio

200 3463 322 3538 juvenis,
338 3464 430 3521 fatalis
444 3464 503 3520 dur
517 3460 636 3540 hujusce
648 3464 724 3520 belli.
765 3473 785 3500 ‘⁶
797 3465 972 3523 Audendum
983 3477 1067 3539 atque
1079 3483 1166 3540 agen·

204 3543 382 3616 “dum,uon
396 3541 643 3623 consultandum?
659 3543 706 3612 ait,
722 3542 782 3599 “in
794 3553 873 3600 tanto
887 3544 1044 3600 malcesse.
1086 3543 1167 3602 lreut

170 3628 195 3669 ιο
205 3629 331 3686 “secum
345 3620 487 3694 extemplo
501 3617 618 3686 armati,
630 3639 676 3694 qur
670 3620 896 3695 rempublicam
920 3621 1025 3676 salvam
1041 3619 1163 3676 vellent:

205 3706 372 3771 “nusquam
387 3698 488 3764 veritis,
513 3697 599 3771 qudm
620 3698 668 3754 ubi
683 3716 718 3754 ea
731 3699 901 3772 cogitentur,
924 3698 1046 3754 hostium
1071 3708 1165 3754 castra

204 3776 325 3832 “esse''
368 3775 464 3851 Pergit
476 3775 528 3842 ire,
542 3775 725 3909 quuentibus
748 3775 855 3850 paucis,
881 3775 910 3832 in
933 3773 1085 3848 hospitium
1103 3773 1165 3832 Me·

536 3854 550 3909 l
576 3857 592 3890 *¹
1167 3877 1172 3904 ι
