2620 4220
500 333 604 382 amaa
620 331 727 380 xxvn.
747 343 809 378 cn.
821 342 874 378 m.
1099 329 1157 390 221

195 475 273 544 cives
287 473 330 532 Μ.
345 473 468 546 Livium,
483 473 519 530 ad
533 473 639 530 bellum
654 471 890 546 proficiscentem,
911 468 1036 527 monenti
1049 467 1089 529 Q.
1105 469 1163 527 Fa·

195 554 253 620 bio,
267 571 315 619 ne,
329 551 492 626 priusquam
507 570 599 626 genus
613 550 735 608 hostiurn
750 551 909 624 cognbsset,
924 547 1029 605 temere
1043 565 1160 605 manum

195 640 367 698 consereret,
403 629 602 703 respondisse:
628 633 662 664 '“
672 627 728 684 Ubi
756 626 878 700 primum
906 626 1029 682 hostium
1057 643 1160 698 agmen

197 717 216 746 “
225 707 428 782 conspexisset,
443 705 666 781 pugnaturum.’'
706 704 808 764 Quum
821 714 1002 778 quaereretur,
1017 721 1079 776 quae
1094 720 1161 758 cau·

173 801 228 846 ssa
252 785 406 842 festinandi
431 785 529 840 essetl
571 793 590 820 ‘⁶
603 784 664 840 Aut
686 801 722 838 ex
744 783 824 838 hoste
846 781 989 856 egregiam
1011 779 1160 854 gloriam,'’

196 865 296 937 inquit,
320 873 396 918 “aut
409 881 445 918 ex
459 863 569 918 civibus
582 861 664 936 victis
678 860 823 934 gaudium,
840 860 970 916 meritum
996 856 1084 923 certe,
1107 857 1161 914 etsi

198 950 283 998 “non
309 941 470 1010 honesturn,
486 939 628 1014 capiam’*
669 937 837 1011 Priusquam
852 937 989 994 Claudius
1010 935 1110 992 consul
1132 936 1161 992 iu

195 1018 371 1094 provinciam
392 1018 561 1092 perveniret,
584 1035 633 1094 per
653 1027 811 1072 extremum
836 1015 922 1072 finem
947 1015 1007 1088 agri
1021 1013 1162 1070 Larinatis

196 1097 350 1153 ducentem
374 1095 404 1159 in
426 1095 603 1151 Sallentinos
626 1093 787 1150 exercitum
811 1092 1005 1150 Hannibalern
1028 1110 1093 1146 curn
1115 1109 1164 1146 ex·

163 1175 300 1250 inpeditis
323 1173 493 1230 ¹cohortibus
519 1173 647 1243 adortae,
675 1171 709 1226 C.
736 1171 875 1227 Hostilius
902 1169 1035 1226 Tubulus
1056 1171 1164 1224 incom-

197 1251 288 1328 posito
301 1251 408 1326 agmini
422 1250 576 1307 terribilem
591 1249 742 1306 tumultum
759 1248 871 1304 intulit:
893 1248 927 1302 ad
942 1259 1061 1321 quatuor
1075 1245 1164 1304 millia

199 1329 344 1386 hominum
358 1328 475 1395 occidit,
491 1347 592 1386 novem
607 1327 690 1402 signa
704 1326 836 1394 militaria
849 1325 932 1400 cepit.
976 1324 1105 1380 Moverat
1127 1343 1165 1380 ex

196 1407 324 1464 hibernis
347 1407 382 1462 ad
407 1405 511 1462 sarnam
533 1404 620 1462 bostis
633 1403 672 1464 Q.
688 1403 837 1476 Claudius,
858 1403 906 1477 qui
927 1421 977 1477 per
997 1402 1082 1458 urbes
1102 1401 1164 1478 agri

198 1485 349 1542 Sallentini
363 1495 456 1540 castra
469 1483 604 1558 disposita
618 1476 749 1540 babebat.
790 1481 900 1558 ltaque,
916 1499 952 1537 ne
972 1499 1038 1536 curn
1053 1479 1164 1536 dnobus

166 1575 189 1614 1⁵
198 1563 370 1620 exercitibus
384 1561 467 1619 simul
482 1560 659 1636 confligeret,
675 1559 821 1619 Hannibal
843 1570 928 1616 nocte
942 1569 1036 1616 castra
1046 1577 1082 1614 ex
1095 1576 1163 1632 agro

198 1641 359 1698 Tarentino
372 1640 467 1709 movit,
490 1649 574 1712 atque
598 1639 626 1694 in
642 1631 931 1696 Bruttios'ooncessit.
974 1636 1113 1692 Claudius
1134 1634 1163 1692 iu

198 1719 372 1776 Sallentinos
392 1736 498 1792 ¹agmen
529 1716 677 1774 convertit.
717 1715 882 1790 Hostilius,
905 1715 1033 1789 Capuam
1054 1724 1163 1788 petens,

198 1797 298 1854 obvius
322 1797 360 1854 ad
383 1795 541 1852 Venusiam
562 1793 593 1854 fit
614 1792 724 1850 consuli
746 1792 875 1849 Claudio.
922 1793 967 1848 Ibi
989 1811 1024 1848 ex
1046 1803 1165 1865 utroque

199 1875 327 1932 exercitu
354 1874 447 1930 electa
473 1873 600 1947 peditum
626 1871 814 1946 quadraginta
838 1871 936 1942 millia,
958 1871 1014 1926 duo
1028 1870 1116 1925 millia
1136 1880 1166 1926 et

163 1951 348 2028 ”quingenti
368 1951 489 2026 equites,
503 1951 607 2027 quibus
620 1949 720 2006 consul
735 1949 869 2006 adversus
890 1947 1083 2004 Hannibalern
1104 1965 1165 2004 rem

198 2042 326 2106 gereret:
361 2030 483 2104 reliquas
504 2028 601 2102 copias
623 2026 763 2082 Hostilius
786 2026 916 2102 Capuam
937 2025 1042 2082 ducere
1060 2025 1165 2101 iussus,

199 2121 231 2166 ut
243 2109 283 2188 Q?
299 2108 400 2168 Fulvio
413 2127 465 2184 pro
478 2106 589 2165 consuli
603 2105 735 2166 traderet.

240 2264 322 2326 XLI.
352 2263 511 2330 Hannibal,
524 2261 653 2338 undique
668 2273 814 2320 contracto
828 2259 966 2334 exercitu,
986 2279 1069 2336 quem
1085 2259 1113 2316 in
1126 2259 1167 2316 hi·

200 2343 297 2400 bernis
310 2354 358 2399 ant
372 2343 401 2400 in
415 2342 554 2418 presidiis
568 2342 627 2417 agri
643 2341 745 2398 Bruttii
768 2342 915 2408 habuerat,
937 2341 967 2398 in
982 2339 1116 2396 Lucanos
1130 2337 1166 2394 ad

164 2422 390 2480 &Grumentum
407 2421 491 2490 venit,
508 2439 557 2494 spe
571 2420 729 2494 recipiendi
744 2420 858 2495 oppida,
872 2439 934 2496 quae
949 2438 998 2494 per
1010 2428 1116 2474 metum
1130 2417 1165 2472 ad

201 2500 349 2570 Romanos
363 2498 543 2563 defecissent.
585 2497 694 2556 Eddem
709 2517 726 2554 a
741 2499 870 2556 Venusia
891 2497 991 2556 consul
1015 2495 1167 2553 Romanus

200 2577 353 2651 exploratis
368 2576 517 2632 itineribus
531 2577 697 2644 contendit;
732 2587 761 2633 et
785 2576 861 2634 mille
876 2575 935 2634 sere
950 2585 979 2630 et
996 2574 1167 2648 quingentos

202 2674 302 2730 passus
315 2666 408 2712 castra
421 2655 457 2709 ab
472 2655 551 2710 hoste
565 2654 648 2712 locat.
690 2654 840 2712 Grumenti
856 2653 997 2712 rnoenibus
1016 2653 1100 2726 prope
1125 2651 1167 2706 in·

199 2733 329 2809 junctum
346 2733 493 2790 videbatur
521 2733 675 2790 Poenorum
690 2731 814 2790 vallum:
842 2729 991 2805 quingenti
1012 2747 1111 2802 passus
1125 2729 1168 2784 in-

166 2822 336 2869 attererent.
379 2811 481 2867 Castra
496 2809 606 2866 Punica
620 2830 654 2866 ae
666 2810 804 2865 'Romana
817 2807 1015 2883 interjacebat
1029 2825 1166 2880 eampus3

202 2889 290 2946 colles
318 2888 507 2966 imminebant
533 2888 603 2944 nudi
630 2888 744 2945 sinistro
772 2887 852 2944 lateri
875 2885 1167 2960 Carthaginiensium,

201 2968 303 3024 dextro
319 2967 526 3036 Romanorum,
541 2966 649 3024 neutris
663 2967 797 3040 suspecti,
812 2964 886 3040 quod
901 2963 971 3020 nihil
985 2963 1061 3019 silvae
1076 2979 1167 3036 neque

201 3046 238 3102 ad
253 3045 371 3102 insidias
384 3045 555 3101 latebrarum
570 3045 721 3100 habebant
764 3043 798 3100 In
814 3043 913 3100 medio
922 3061 1033 3116 eampo,
1057 3040 1093 3096 ab
1114 3051 1169 3096 sta·

146 3173 148 3179 ,
202 3123 328 3180 tionibus
355 3133 565 3199 procursantes,
593 3123 760 3188 certamina,
786 3121 861 3177 haud
882 3121 950 3177 satis
970 3119 1057 3195 digna
1077 3117 1167 3190 dictu,

167 3201 343 3264 asserebant.
379 3201 420 3268 ld
435 3199 519 3256 modd
534 3197 700 3264 Romanurn
715 3218 840 3273 qnaerere
855 3199 1015 3274 apparebat,
1038 3216 1074 3254 ne
1089 3196 1167 3252 abire

203 3281 313 3338 bostem
340 3289 491 3354 pateretur.
534 3277 690 3350 Hannibal,
718 3277 784 3334 inde
808 3278 928 3334 evadere
950 3277 1078 3351 cupiens,
1100 3273 1168 3332 totis

204 3357 309 3416 viribus
322 3357 353 3415 in
367 3357 460 3414 aciem
474 3356 677 3412 descendebat.
718 3355 796 3412 Turn
811 3355 920 3426 consul,
942 3353 1058 3430 ingenio
1079 3353 1168 3410 bostis

203 3456 281 3508 usus,
295 3433 350 3511 qud
366 3434 461 3492 minda
474 3434 503 3491 in
518 3452 575 3490 tarn
591 3434 694 3508 apertis
713 3433 831 3504 collibus
854 3433 946 3490 timeri
968 3431 1078 3490 insidia
1091 3443 1168 3506 pote·

203 3530 279 3588 rant,
302 3515 429 3588 quinque
450 3513 590 3584 cohortes,
618 3511 722 3568 additis
747 3512 871 3586 quinque
892 3509 1054 3588 manipulis,
1082 3520 1167 3566 noete

170 3593 302 3669 ⁴9jugum
316 3611 460 3667 superare,
475 3589 548 3650 etin
562 3589 667 3646 aversis
681 3589 799 3646 vallibus
812 3589 1075 3664 considerejubot:
1097 3599 1168 3644 tern-

204 3690 258 3746 pus
272 3669 443 3746 exsurgendi
456 3687 494 3724 ex
510 3667 629 3738 insidiis,
643 3678 672 3726 et
686 3668 869 3744 aggrediendi
886 3667 1005 3737 hostem,
1019 3665 1068 3720 Ti.
1083 3663 1168 3722 Clau-

197 3749 283 3811 dium
305 3747 435 3804 Asellum
456 3745 602 3880 triqqqum
616 3746 736 3804 militum
750 3757 779 3804 et
791 3745 824 3813 R.
836 3745 988 3807 Claudium
1003 3741 1168 3818 praesectum
