2632 4224
536 325 641 376 LIBER
657 326 677 374 1.
698 337 760 376 esa.
771 339 845 375 xxxv.
1132 329 1172 388 35

90 466 99 490 ⁸
167 457 174 470 ’
207 465 315 544 ctmido
334 469 483 534 honorum,
505 477 534 524 et
552 468 604 530 ‚cui
624 467 775 545 Tarquinii
798 477 925 524 materna
946 465 1057 526 tantum
1080 469 1170 544 patria

206 556 293 602 esset.
344 546 468 603 Sublatis
492 545 586 620 itaque
608 547 701 616 rebus,
727 545 915 621 commigrant
928 545 1069 621 Romam.
1121 548 1169 606 Ad

208 622 377 694 Janiculum
392 625 591 682 maerentum
604 633 681 682 erat:
703 623 742 680 ibi
757 625 795 696 ei,
820 635 955 698 carpento
978 624 1088 682 sedenti
1102 643 1169 682 cum

208 719 308 775 unere,
322 690 422 776 maille,
438 702 583 777 suspensis
596 703 720 759 demissa
743 701 846 760 leniter
865 702 927 774 alis,
940 701 1047 776 pileum
1058 703 1170 772 aulem

186 797 349 854 csnperque
363 791 530 856 carpentum
544 799 610 836 cum
632 799 737 856 magno
760 781 894 856 clangore
914 779 1042 850 volitans,
1063 799 1169 852 rursus,

211 857 286 914 velut
300 858 456 916 ministerio
470 858 604 916 divinitus
624 857 720 930 missa,
742 859 828 934 capiti
852 856 918 932 apte
942 857 1071 932 reponit:
1103 859 1170 916 inde

209 935 338 993 sublimis
352 937 430 994 abiit.
472 937 629 1010 Accepisse
643 937 672 994 id
694 937 845 1012 augurium
869 935 933 992 laeta
957 936 1061 994 dicitur
1075 936 1172 994 Tena-

209 1013 278 1086 quil,
289 1015 386 1089 perita,
402 1011 531 1090 ut'vulgd
545 1014 670 1081 Etrusci,
684 1014 843 1072 coelestium
856 1013 1048 1089 prodigiorum
1060 1015 1170 1071 mulier.

197 1089 334 1150 ¹Excelsa
346 1105 376 1150 et
393 1094 450 1150 alta
470 1111 582 1168 sperare
604 1093 752 1168 complexa
772 1092 861 1148 virum
882 1093 981 1167 jubet:
1013 1095 1031 1127 ‘¹
1043 1111 1106 1149 earn
1121 1093 1172 1150 ali-

175 1171 229 1226 10“
243 1179 301 1226 tem
323 1171 358 1227 erl
378 1172 493 1246 regione
514 1171 578 1228 coeli
599 1181 628 1227 et
641 1170 703 1246 ejus
724 1169 780 1226 Dei
801 1170 930 1226 nuntiam
944 1171 1072 1228 venisse:
1093 1171 1191 1250 circa,
1217 1223 1220 1230 ,
1305 1177 1306 1186 ’

209 1248 230 1300 ‘.‘
242 1267 384 1306 summurn
399 1249 512 1306 culmen
527 1249 650 1322 hominis
664 1249 823 1322 auspicium
847 1247 966 1304 fecisse:
996 1248 1107 1306 levasse
1121 1250 1172 1306 hu:

209 1328 229 1360 “
241 1343 326 1384 mano
339 1327 546 1402 superpositum
569 1326 656 1402 capiti
678 1327 777 1393 decus,
802 1336 834 1407 ut
847 1325 983 1384 divinitus
995 1327 1090 1383 eidem
1110 1329 1173 1384 red·

209 1405 230 1438 “
242 1405 350 1462 deret'‘
379 1405 441 1462 Has
455 1425 520 1480 spes
533 1405 776 1482 cogitationesque
790 1423 890 1462 secum
903 1414 1057 1479 portantes,
1072 1405 1172 1463 urbem

129 1525 133 1532 .
163 1533 166 1540 .
210 1482 330 1558 ingressi
344 1495 431 1552 suut;
451 1483 653 1558 domicilioque
668 1483 707 1540 ibi
720 1494 901 1558 comparato,
925 1483 957 1540 L.
979 1481 1171 1558 Tarquinium

176 1559 340 1618 rsPriseum
363 1561 480 1619 edidere
500 1581 614 1620 nomen.
656 1562 798 1620 Romanis
812 1562 1000 1636 conspicuum
1014 1580 1081 1620 eum
1096 1563 1172 1628 novi·,

150 1635 165 1711 J
205 1649 253 1695 tas
267 1640 427 1714 divitiaeque
441 1640 600 1698 faciebant:
629 1639 731 1715 etipse
746 1641 887 1697 fortunam
901 1640 1027 1716 benigno
1041 1641 1171 1722 alloquio,

90 1722 108 1748 ”
130 1713 193 1787 1,..
208 1717 343 1789 comitate
358 1719 506 1786 invitandi,
522 1718 733 1793 beneficiisque,
756 1737 825 1793 quos
846 1728 965 1792 poterat,
987 1719 1040 1776 sibi
1054 1720 1172 1788 concili·

137 1850 148 1859 ,
189 1795 291 1865 t'ando¹
308 1796 475 1870 adjuvabam
507 1797 600 1853 donec
614 1797 643 1853 in
658 1797 766 1872 regiam
787 1814 898 1871 quoque
920 1797 956 1853 de
970 1815 1005 1854 eo
1016 1796 1091 1853 sama
1110 1816 1172 1871 per·

138 1878 164 1951 J
209 1870 266 1930 lata
289 1885 351 1930 est:
386 1874 572 1950 notitiamque
593 1893 655 1930 eam
684 1873 771 1944 brevi,
799 1875 874 1950 apud
900 1893 997 1964 regern
1018 1875 1171 1932 liberaliter

94 1951 103 1962 ⁸
133 1951 152 2008 ,Ῑ
175 1951 362 2026 eodextreque
375 1949 509 2010 obeundo
521 1949 625 2018 officia,
645 1953 674 2011 in
699 1947 1000 2010 familiarffi'amicttiae
1015 1953 1172 2010 adduxerat

140 2057 156 2078 κ
207 2028 281 2104 jura,
296 2041 326 2086 ut
346 2029 468 2104 publicis
490 2029 593 2105 pariter
614 2049 648 2087 ac
668 2031 783 2105 privatis
804 2031 931 2088 consiliis
952 2031 1026 2089 bello
1039 2031 1171 2106 domique

209 2107 378 2175 interesset3
413 2119 451 2174 et,
474 2125 526 2182 per
545 2109 641 2167 omnia
660 2119 801 2183 expertus,
822 2107 964 2184 postremo
990 2119 1064 2166 tutor
1084 2109 1171 2166 etiarn

124 2205 129 2214 ·
208 2183 308 2242 liberis
322 2185 397 2262 regis
411 2185 795 2289 testapnentoinstitueretur.

88 2415 94 2422 ι
136 2335 149 2354 ”
247 2341 377 2401 XXXV.
406 2335 553 2422 Regnavit
564 2347 666 2405 Ancus
677 2365 770 2411 annos
783 2357 902 2422 quatuor
916 2357 946 2404 et
959 2346 1068 2422 viginti,
1090 2345 1171 2404 cuili-

10 2355 12 2492 l
94 2443 122 2486 ῃ
172 2419 257 2478 subet
271 2423 447 2498 superiorum
461 2414 562 2502 regbm
576 2425 643 2482 belli
654 2425 788 2500 pacisque
802 2435 831 2482 et
844 2426 952 2482 artibus
963 2436 992 2482 et
1006 2425 1096 2500 gloria
1110 2443 1169 2499 par.

15 2529 19 2536 .
117 2562 122 2571 ι
199 2497 273 2555 'Jarn
287 2499 338 2557 filii
351 2519 438 2576 prope
451 2503 589 2578 puberem
610 2513 721 2560 aetatem
735 2513 835 2560 erant:
864 2504 901 2578 ‚ed
913 2503 1004 2578 tnagis
1018 2501 1171 2577 Tarquini·

107 2643 109 2654 Ι
158 2581 191 2612 *t
207 2595 241 2632 us
255 2578 370 2646 instare,
390 2591 424 2636 ut
444 2581 529 2654 quam
551 2581 673 2656 primdm
697 2581 813 2650 comitia
836 2569 897 2657 regi
919 2580 1044 2638 creando
1060 2581 1169 2637 fierent.

109 2655 126 2707 ἓ
206 2653 324 2715 Quibus
338 2657 463 2731 indictis,
478 2659 531 2715 sub
550 2671 662 2734 tempus
682 2678 785 2734 pueros
806 2671 938 2716 renatum
953 2658 1112 2733 ablegavit:
1134 2657 1171 2714 is-

207 2751 262 2806 que
283 2735 390 2809 primes
410 2747 439 2794 et
459 2737 563 2811 petisse
578 2737 725 2795 ambitiose
740 2755 870 2814 regnum,
887 2748 916 2794 et
929 2736 1085 2794 orationem
1101 2735 1171 2792 dici·

10 2827 20 2864 ι
160 2820 252 2868 *astur
279 2814 411 2871 babuisse
433 2815 468 2872 ad
490 2816 685 2872 conciliandos
711 2816 801 2890 plebis
828 2815 937 2872 animos
964 2815 1169 2890 compositam:

207 2908 302 2962 quum,
318 2896 336 2928 “
347 2912 377 2949 se
392 2912 449 2950 non
463 2912 523 2950 rem
538 2913 639 2950 novam
660 2905 775 2968 petere3
803 2893 908 2968 quippe
921 2894 969 2968 qui
990 2913 1047 2950 non
1062 2893 1170 2969 primus

207 2969 226 3001 “
239 2969 326 3045 (quod
340 2971 488 3046 qnisquam
503 2972 645 3048 indignari
659 2971 790 3028 mirarive
804 2973 923 3048 posset),
936 2973 985 3028 sed
997 2971 1097 3028 tertius
1111 2969 1171 3030 Ro·

206 3048 226 3082 “
237 3064 290 3104 mae
304 3051 472 3124 peregrinus
485 3069 604 3126 regnum
620 3051 750 3108 affectet:
785 3060 814 3106 et
836 3049 953 3107 Tatium
968 3069 1025 3107 non
1040 3069 1077 3107 ex
1090 3069 1170 3126 pere-

207 3128 225 3160 “
237 3128 318 3201 grino
330 3129 432 3198 solbm,
446 3129 497 3186 'sed
512 3129 599 3186 etiam
619 3148 655 3185 ex
676 3129 765 3198 hoste,
780 3147 877 3204 regem
900 3127 1024 3202 sactum:
1059 3139 1088 3186 et
1106 3129 1169 3188 Nu·

171 3204 224 3260 ³5“
238 3223 324 3272 mam,
339 3207 467 3281 ignarum
484 3208 570 3274 urbis,
585 3223 643 3264 non
663 3217 818 3280 petentem,
843 3207 872 3264 in
894 3225 1015 3282 regnum
1035 3207 1109 3264 ultro
1123 3227 1169 3265 ac·
1187 3255 1190 3264 .

206 3285 226 3318 “
238 3283 335 3339 citum.
377 3287 425 3359 Se,
439 3285 600 3362 exquopui
615 3295 715 3360 potens
725 3283 818 3352 fuerit,
834 3283 959 3342 Romam
970 3305 1037 3344 cum
1046 3286 1169 3362 conjuge

205 3363 225 3395 ‘¹
237 3380 272 3418 ac
287 3361 405 3420 fortunis
415 3361 551 3422 omnibns
565 3363 784 3438 commigrasse:
806 3363 941 3439 majorem
955 3375 1064 3439 partem
1079 3365 1169 3422 aetatis

204 3443 224 3476 “
235 3440 307 3516 ejuS,
321 3443 378 3516 qud
391 3443 523 3500 civilibus
543 3441 645 3500 officiis
666 3441 820 3518 fungantur
842 3443 981 3508 homines,
1004 3443 1106 3500 Romae
1128 3462 1167 3514 se,

205 3522 224 3554 “
235 3519 321 3594 qudm
335 3522 364 3578 in
381 3533 474 3578 vetere
489 3521 590 3596 patriis,
605 3519 725 3577 vixisse:
754 3521 831 3578 domi
845 3514 1008 3596 militiaque
1022 3523 1076 3578 sub
1091 3522 1168 3579 haud
1256 3555 1260 3565 ·

78 3633 83 3644 ·
168 3599 400 3673 sn“poenitendo
420 3601 565 3676 magistro,
586 3599 647 3674 ipso
668 3601 752 3657 Anco
772 3618 850 3674 rege,
879 3599 1013 3657 Romana
1036 3619 1066 3656 se
1094 3600 1167 3675 jura,

204 3681 224 3714 “
236 3677 384 3734 Romanos
398 3679 468 3736 ritus
481 3679 625 3735 didicisse.
667 3677 814 3752 Obsequio
837 3687 866 3735 et
888 3677 1068 3736 observantie
1081 3678 1111 3734 in
1125 3695 1168 3750 re-

204 3761 223 3794 “
234 3776 301 3834 gem
316 3775 382 3814 cum
396 3757 539 3830 omnibus,
554 3757 729 3833 benignitate
750 3773 818 3831 erga
842 3756 911 3814 alios
933 3773 1000 3812 cum
1014 3771 1081 3830 rege
1096 3754 1166 3830 ipso,
