2620 4220
184 341 244 404 26⁰
578 343 646 394 ’l’lTl
664 341 749 392 Livii

186 503 240 560 que
253 483 400 560 ingenium
414 493 485 551 erat,
508 481 780 558 interpretabantur:
812 481 860 539 alii
881 501 938 540 non
949 480 1079 543 tribunos
1090 484 1187 559 pte-2

187 560 238 632 bis,
253 563 302 618 sed
317 561 477 618 universam
493 561 645 631 civitatem,
659 581 722 635 quae
737 561 765 618 id
779 561 836 635 pati
851 571 955 635 posset,
970 561 1151 622 incusabant.
1168 561 1182 632 {r

185 639 296 696 “Duas
319 639 461 696 maximas
483 639 560 696 orbis
581 652 719 704 terrarum
740 639 824 696 urbes
846 639 970 714 ingratas
991 657 1048 695 uno
1062 639 1187 738 propepp

185 719 272 774 “tem
312 736 342 774 re
358 717 387 774 in
408 717 551 792 principes
565 717 714 773 inventas:
745 714 868 773 Romam
885 716 1085 791 ingratiorem3
1116 717 1153 774 si·

184 794 262 870 “qui
284 812 330 851 em
345 795 420 852 victa
434 795 578 870 Carthago
592 795 697 850 victum
713 787 905 852 Hannibalem
920 795 949 850 in
963 794 1093 850 exsilium
1103 814 1153 852 ex·
1167 791 1181 878 ζ

184 872 349 948 “pulisset;
384 873 481 930 Roma
508 872 608 930 victrix
637 872 770 928 victorem
800 871 968 928 Africanum
999 873 1185 946 expellat.”;

185 950 255 1022 Alii,
277 950 461 1008 “Neminem
483 969 572 1006 unum
594 949 685 1006 civem
707 949 825 1006 tantrim·
838 949 964 1006 eminere
985 950 1099 1020 debere,
1121 937 1188 1021 ut}

185 1030 203 1064 “
215 1027 328 1104 legibus
342 1027 508 1102 interrogari
522 1046 578 1084 non
602 1027 708 1101 possit:
738 1027 808 1085 nihil
830 1037 887 1084 tam
909 1028 1053 1102 equandae
1067 1028 1153 1084 liber·

184 1109 204 1142 “
217 1106 282 1163 tatis
295 1123 368 1172 esse,
382 1105 467 1178 quim
483 1105 707 1179 potentissimum
722 1124 863 1180 quemque
877 1124 958 1180 posse
972 1105 1069 1161 dicere
1083 1125 1152 1162 cau·

184 1187 285 1240 “sam.
326 1181 407 1244 Quid
429 1180 599 1239 autemtutii
626 1183 768 1256 cuiquam,
796 1183 902 1238 nedum
923 1201 1063 1238 summam
1091 1195 1187 1240 remlt

183 1265 203 1298 “
216 1260 370 1336 publicam,
393 1259 527 1336 permitti,
548 1261 571 1316 si
593 1260 663 1316 ratio
687 1278 743 1318 non
771 1260 807 1316 sit
835 1261 1005 1316 reddendal
1039 1261 1087 1334 qui
1104 1261 1153 1336 jus

183 1343 203 1376 “
217 1356 330 1413 aequum
344 1339 402 1413 pati
417 1356 474 1394 non
488 1340 585 1413 possit,
600 1338 630 1394 in
650 1356 715 1394 eum
730 1337 786 1394 vim
807 1338 884 1394 haud
905 1337 1037 1412 injustam
1056 1339 1152 1394 esse.”

184 1418 262 1477 Haec
276 1416 383 1491 agitate
395 1415 582 1483 sermonibus,
604 1416 696 1472 donec
718 1415 782 1472 dies
799 1415 929 1472 dicende
943 1433 1037 1490 causae
1051 1417 1129 1472 venit
1144 1436 1151 1473 :

183 1513 241 1554 nec
256 1494 329 1550 alius
343 1503 427 1549 antea
441 1494 598 1566 quisquam,
623 1511 677 1550 nec
702 1493 748 1549 ille
768 1493 827 1568 ipse
842 1493 949 1568 Scipio,
963 1493 1072 1563 consul·
1084 1511 1152 1550 cen·

183 1589 274 1639 sorve,
290 1570 395 1645 majore
408 1571 502 1628 omuis
515 1571 628 1646 generis
640 1571 786 1628 bominum
798 1570 968 1644 frequentia,
984 1571 1070 1648 quim
1085 1591 1152 1628 reus
1162 1583 1186 1622 1⁵

182 1649 232 1708 illo
246 1648 302 1714 die,
319 1648 347 1704 in
362 1648 451 1704 sorum
465 1659 509 1704 est
522 1649 671 1704 deductus.
712 1648 815 1706 iussus
834 1649 930 1705 dicere
945 1667 1071 1718 causam,
1087 1650 1150 1706 sine

182 1727 240 1784 ulls
253 1725 406 1783 criminum
423 1726 577 1791 mentione,
592 1727 749 1784 orationem
765 1725 837 1782 ederi
851 1727 1033 1801 magnificam
1048 1729 1085 1786 de
1107 1747 1151 1784 rc·

182 1804 236 1862 bus
262 1803 349 1860 abae
370 1803 457 1878 gestis
483 1813 526 1860 est
546 1822 671 1874 exorsus,
694 1815 724 1860 ut
743 1804 810 1860 satis
831 1816 988 1874 constaret„
1003 1806 1150 1862 neminem

184 1899 307 1958 unquam
322 1899 414 1955 neque
429 1879 532 1938 melius
554 1900 645 1956 neque
666 1881 758 1938 veritis
782 1881 928 1938 laudatum
950 1899 1021 1938 esse.
1062 1883 1150 1940 Dice-

182 1961 285 2018 bantur
299 1959 375 2015 eninr
391 1958 427 2014 ab
441 1959 541 2016 eodem
557 1959 651 2016 animo
665 1959 844 2034 ingenioque,
860 1979 946 2034 aquo
956 1972 1037 2036 gesta
1050 1972 1149 2018 erant:
1160 1971 1186 2010 w

181 2049 211 2096 et
225 2037 334 2096 aurium
350 2037 493 2093 fastidium
509 2037 613 2108 aberat,
629 2037 695 2112 quia
716 2055 766 2112 pro
789 2037 925 2112 periculo,
942 2057 999 2095 non
1020 2038 1049 2094 in
1062 2039 1148 2114 glori-

182 2135 240 2185 am,
254 2115 458 2173 reserebantur.

222 2271 271 2330 LI.
295 2271 419 2328 Tribuni
442 2271 542 2345 plebis,
564 2282 659 2329 vetera
679 2271 797 2330 luxuriae
818 2271 939 2330 crimina
953 2273 1148 2348 Syracusano-

180 2368 244 2406 rum
269 2349 462 2419 bibernorum,
485 2359 514 2404 et
536 2347 635 2406 Locris
650 2351 859 2408 Pleminianum
876 2351 1038 2423 tumultum,
1058 2371 1147 2426 quum

181 2428 216 2484 ad
246 2425 330 2482 fidem
361 2425 544 2498 praesentium
577 2425 728 2484 criminum
763 2429 945 2498 retulissent;
980 2429 1185 2504 suspicioni-ss

180 2505 234 2560 bus
255 2503 355 2578 magis,
386 2501 472 2576 quim
502 2506 688 2578 argumentis,
705 2507 847 2580 pecuniae
875 2519 965 2580 captae
996 2525 1077 2564 reum
1098 2527 1149 2564 oc·

180 2583 328 2641 cusarunt.
384 2584 403 2614 “
419 2579 524 2638 Filium
540 2594 654 2656 captum
675 2583 737 2640 sine
758 2585 848 2658 pretio
876 2586 1028 2650 redditum,
1056 2587 1149 2642 omni·

179 2661 316 2735 “busque
332 2659 394 2716 aliis
408 2659 493 2716 rebus
503 2660 678 2734 Scipionem,
690 2673 833 2736 tamquam
846 2663 874 2718 in
889 2663 950 2738 ejus
962 2664 1046 2719 unius
1060 2683 1147 2720 manu

179 2744 199 2776 “
209 2757 263 2814 pan
278 2739 413 2796 Romana
427 2737 591 2812 bellumque
605 2750 690 2810 esset,
704 2740 740 2798 ab
756 2741 1027 2797 Antiochocultum.
1051 2741 1148 2798 Dicte·

179 2823 298 2874 “torem
313 2835 379 2872 eum
394 2815 515 2887 consuli,
531 2835 587 2872 non
603 2816 736 2890 legatum,
753 2819 781 2873 in
797 2819 948 2892 provincia
961 2819 1067 2874 fuisse:
1090 2833 1183 2876 necao

179 2896 243 2952 “ad
258 2895 341 2952 aliam
357 2913 415 2950 rem
436 2893 470 2949 cb
489 2893 656 2967 profectum,
677 2894 761 2969 quim
785 2907 824 2965 ut,
845 2897 873 2952 id
895 2897 970 2970 quod
985 2897 1144 2972 Hispaniae,

179 2973 318 3044 “Galliae,
343 2971 460 3038 Siciliae,
481 2971 587 3028 Africa*
605 2971 775 3047 jampridem
798 2993 963 3047 persuasum
984 2987 1068 3040 esset,
1091 2976 1147 3033 hoc

178 3051 327 3106 “Graeciae
354 3050 486 3124 Asiaque
500 3059 529 3106 et
548 3049 681 3106 omnibus
701 3051 736 3106 ad
758 3050 907 3108 Orientem
923 3053 1010 3109 versis
1030 3053 1147 3128 regibus

178 3128 396 3201 “gentibusque
419 3137 586 3202 appareret3
621 3147 710 3184 unum
726 3129 870 3186 hominem
892 3142 977 3205 caput
999 3131 1147 3188 columen·

177 3216 261 3279 “que
276 3205 386 3278 imperii
402 3206 527 3262 Romani
541 3223 606 3263 esse
619 3224 635 3262 :x
657 3207 710 3263 sub
724 3208 830 3266 umbra
844 3208 987 3296 Scipionis
1000 3208 1144 3266 civitatem
1155 3223 1182 3262 as

178 3295 197 3368 ‘j
208 3281 352 3339 dominam
368 3283 444 3338 orbis
464 3294 601 3348 terrarum
615 3285 721 3342 latere:
751 3296 852 3342 nutum
874 3305 936 3361 ejus
949 3305 999 3360 pro
1020 3287 1145 3344 decretis

179 3375 198 3408 ‘t
208 3361 333 3426 Petrum,
349 3377 399 3434 pro
412 3361 507 3434 populi
519 3361 605 3438 jussis
618 3363 709 3420 esae.''
752 3363 880 3422 insemib
902 3365 1051 3432 intactum,
1075 3365 1145 3422 invi·

178 3437 242 3504 dia,
256 3439 317 3512 qua
329 3448 456 3515 possunt,
472 3451 582 3514 urgent.
623 3441 808 3498 Orationibus
821 3442 850 3498 in
859 3453 974 3499 noctem
987 3443 1143 3517 perductis,

178 3516 310 3594 prodicta
327 3516 389 3572 dies
413 3524 478 3572 est:
512 3517 560 3574 ubi
583 3537 619 3576 ea
639 3519 724 3589 venit,
740 3519 844 3576 tribuni
865 3521 894 3576 in
917 3521 1034 3578 Rostris
1050 3521 1145 3595 primi

179 3595 245 3652 luce
259 3595 459 3650 consederunt.
501 3595 612 3652 Citatua
634 3617 699 3654 reus
719 3617 824 3673 magno
846 3598 961 3672 agmine
984 3599 1180 3656 amicorumic

179 3671 384 3744 clientiumque
398 3690 448 3746 per
461 3671 584 3727 mediam
599 3674 768 3731 concionem
782 3676 826 3732 'ad
848 3677 954 3733 Rostra
967 3677 1071 3734 subiit:
1106 3677 1144 3734 si-

178 3747 322 3822 lentioque
336 3749 420 3815 fecto,
435 3751 453 3782 “
466 3748 562 3817 Hoc,”
577 3749 676 3824 inquit,
699 3755 717 3788 “
729 3753 786 3820 die,
801 3753 906 3810 tribuni
920 3753 1020 3830 plebis,
1033 3773 1143 3829 vosque
