2630 4228
153 335 210 425 ἰω
564 365 734 415 nrrnrrrr

114 497 122 520 ⁹
151 513 243 560 “cum
258 504 423 561 consulibus
437 505 537 562 ferire:
560 506 583 562 si
598 505 664 580 quid
676 523 772 562 eorum
784 504 943 579 displiceat,
953 503 1114 581 legatosre·

150 582 169 615 ‘⁸
178 581 239 636 dire
253 582 288 636 ad
300 601 330 638 se
341 583 359 608 ''
373 583 469 639 vetuit.
494 583 566 639 Haec
575 602 660 657 quum
671 583 774 657 legatio
784 583 1009 650 renuntiaretur,
1017 595 1113 640 tantus

150 658 274 732 gemitus
288 659 415 715 omnium
431 659 523 717 subitd
537 673 652 716 exortus
665 672 718 725 est,
732 671 865 732 tantaque
878 661 1011 716 moestitia
1021 661 1114 717 inces-

151 736 196 803 sit,
212 745 309 791 utnon
323 736 435 810 gravide
448 739 592 812 accepturi
602 738 773 802 viderentur,
789 738 812 792 si
824 737 1011 803 nuntiaretur,
1023 739 1114 796 omni-

151 811 323 868 buseoloco
331 825 448 869 mortem
457 815 644 888 oppetendam
656 833 727 870 esse.
748 813 849 874 Quum
859 814 907 869 diu
917 814 1059 872 silentium
1073 815 1114 872 su·
1135 834 1149 873 s

152 888 228 957 isset,
243 907 298 945 neo
312 891 443 946 consules
454 902 503 947 aut
515 911 565 965 pro
577 892 682 946 loedere
691 903 748 947 tam
762 891 846 964 turpi,
856 901 904 946 aut
912 901 1011 947 contra
1022 892 1114 948 fredus

151 975 210 1022 tem
222 968 438 1034 necesssarium,
451 970 561 1024 hiscere
575 980 706 1042 possent,¹
721 979 780 1024 tum
791 969 823 1024 L.
836 967 985 1040 Lentulus,
994 971 1042 1042 qui
1053 981 1115 1026 turn

152 1044 285 1118 princeps
299 1044 453 1118 legatorum
475 1046 575 1102 virtute
597 1057 680 1119 atque
704 1046 859 1102 honoribus
879 1056 947 1115 erat,
971 1048 1115 1104 “Patrem

154 1129 173 1155 “
182 1121 308 1186 meum,’'
324 1122 424 1194 inquit,
437 1123 606 1192 “consules,
618 1141 692 1197 saepe
706 1123 801 1178 audivi
813 1135 1026 1194 memorantem,
1042 1143 1073 1181 se
1084 1125 1114 1180 in

153 1206 173 1232 ⁸⁶
182 1197 323 1270 Capitolio
331 1217 420 1254 unum
430 1219 486 1256 non
496 1201 582 1256 fuisse
592 1213 734 1256 auctorem
744 1201 855 1256 senatui
865 1201 1038 1258 redimendae
1046 1221 1115 1259 auro
1126 1222 1150 1260 ro

154 1281 199 1329 “a
213 1275 303 1330 Gallis
314 1277 445 1343 civitatis,
459 1279 573 1351 quando
587 1296 641 1333 nec
652 1278 731 1347 ,fossat
742 1277 868 1351 valloque
882 1278 918 1333 ab
933 1279 1116 1354 ignavissimo

153 1352 218 1406 “ad
231 1371 317 1426 opera
331 1371 365 1409 ac
380 1355 566 1410 muniendum
581 1356 661 1410 hoste
675 1355 764 1410 clausi
779 1365 892 1422 essent3
913 1367 943 1412 et
956 1373 1115 1431 erumpere,

154 1429 206 1484 “si
228 1448 285 1486 non
305 1430 367 1490 sine
388 1431 513 1504 periculo
539 1450 652 1506 magno,
680 1443 775 1488 tamen
797 1433 858 1488 sine
885 1437 963 1489 certd
989 1435 1116 1508 pernicie

154 1513 306 1579 “possent
346 1505 482 1574 Quodsi,
504 1519 536 1564 ut
550 1509 605 1564 illis
625 1510 779 1584 decurrere
791 1527 827 1565 ex
842 1510 983 1584 Capitolio
1000 1512 1116 1568 armatis

155 1584 214 1638 “in
242 1585 360 1639 hostem·
378 1584 460 1641 licuit
487 1586 554 1660 (quo
574 1605 649 1660 saepe
670 1587 754 1643 modo
774 1587 881 1643 obsessi
897 1588 932 1644 in
952 1589 1151 1648 obsidentesrs

154 1667 174 1694 ⁶⁴
183 1661 361 1738 eruperunt),
377 1662 415 1717 ita
430 1664 512 1718 nobis
525 1681 605 1736 aequo
619 1675 668 1719 aut
682 1664 778 1739 iniquo
800 1664 861 1720 loco
884 1665 1041 1722 dimicandi
1055 1677 1117 1722 tan·

155 1739 329 1794 “tummodo
343 1757 408 1794 cum
424 1740 504 1795 hoste
517 1741 600 1813 copia
619 1751 702 1810 esset,
726 1761 783 1797 non
806 1741 875 1796 mihi
895 1743 1003 1816 paterni
1028 1743 1116 1799 animi
1142 1781 1146 1788 -

155 1813 293 1870 “indoles
307 1815 336 1871 in
351 1817 470 1873 consilio
490 1817 585 1874 dando
598 1818 717 1894 deesset.
759 1819 899 1892 Equidem
925 1835 1042 1876 mortem
1067 1839 1117 1895 pro

155 1899 175 1925 ‘¹
185 1892 273 1964 patrib
287 1894 450 1966 preclaram
464 1913 527 1950 esse
542 1895 649 1950 fateor:
680 1906 711 1951 et
734 1915 779 1951 me
798 1896 841 1951 vel
855 1897 992 1953 devovere
1006 1917 1056 1971 pro
1069 1917 1117 1972 po-

156 1969 250 2041 “pulo
271 1971 404 2027 Romano
417 1973 641 2046 legionibusque,
656 1973 698 2028 vel
721 1973 751 2030 in
772 1974 881 2030 medios
905 1993 951 2030 me
966 1975 1152 2032 immitterem

157 2054 176 2080 “
187 2047 289 2118 hostes,
305 2061 418 2122 paratus
432 2069 504 2105 sum.
546 2051 604 2105 Sed
620 2051 665 2106 hlc
679 2051 797 2124 patriam
812 2051 904 2118 video,
920 2051 968 2107 hic
981 2053 1116 2126 quidquid

156 2124 381 2182 “Romanarum
395 2127 538 2202 legionum
552 2137 614 2183 est:
645 2146 717 2201 quae,
732 2128 787 2184 nisi
805 2143 900 2202 prose
914 2129 982 2203 ipsis
996 2131 1030 2186 ad
1046 2147 1118 2186 mor·

155 2203 240 2256 “tem
254 2221 336 2259 ruere
350 2203 456 2275 volunt,
480 2205 546 2277 quid
570 2205 684 2271 habent,
707 2207 781 2278 quod
805 2217 893 2262 morte
912 2207 963 2262 suia
984 2209 1118 2263 serventl

157 2287 176 2314 ⁴⁶
187 2288 195 2313 ⁸
206 2278 301 2334 Tecta
315 2281 418 2351 Urbis‚’
434 2282 511 2337 dicat
524 2282 634 2355 aliquis,
657 2291 702 2338 ‘et
717 2282 831 2348 moenia,
845 2293 874 2340 et
887 2303 950 2340 eam
965 2285 1086 2355 turbam,
1101 2303 1119 2340 a

156 2355 255 2428 “‘qud
270 2356 343 2412 Urbs
354 2353 507 2414 incolitur.'
548 2359 641 2414 Immo
653 2358 794 2434 (Hercule
805 2361 826 2437 l)
841 2363 997 2434 produntur
1011 2379 1046 2416 ea
1058 2379 1153 2426 om-ss

58 2439 61 2444 ‘
155 2433 239 2497 “nia,
262 2433 355 2490 deleto
380 2435 433 2490 hoc
447 2435 584 2506 exercitu,
612 2455 669 2492 non
690 2448 844 2494 serrantur.
885 2437 962 2498 Quis
985 2439 1119 2495 enimes
1196 2441 1198 2446 ’

155 2509 328 2566 “tuebiturl
381 2511 509 2568 l'mbellis
535 2513 668 2570 videlicet
694 2525 778 2588 atque
807 2515 924 2572 inermis
945 2516 1119 2573 multitudo?

156 2595 239 2643 “tam
254 2585 430 2667 (llerculel)
454 2591 538 2664 quam
561 2609 578 2646 e
601 2591 747 2647 Gallorum
770 2593 876 2667 impetu
891 2593 1027 2650 defendit.
1070 2595 1117 2650 An

156 2671 199 2720 “a
235 2665 312 2740 Vejis
339 2668 495 2724 exercitum
529 2668 739 2742 Camillumque·
765 2670 870 2726 ducem
904 2671 1119 2744 implorabunt?

156 2747 173 2773 ‘⁸
183 2742 242 2800 Hic
251 2762 351 2800 omnes
365 2764 430 2819 spes
441 2764 564 2820 opesque
578 2756 653 2812 sunt,
675 2765 745 2819 quas
759 2749 919 2818 servando,
929 2749 1046 2822 patriam
1062 2767 1119 2804 ser·
1128 2765 1154 2803 ao

156 2823 297 2876 “vamus:
329 2823 461 2878 dedendo
475 2823 510 2878 ed
531 2841 643 2896 necem,
659 2824 776 2895 petriam
791 2824 948 2880 deserimus
972 2843 1007 2881 ac
1027 2825 1120 2899 prodi·

157 2904 255 2954 “mus.
297 2901 357 2955 ‘At
381 2899 456 2955 sceda
479 2912 562 2973 atque
578 2901 765 2974 ignominiosa
779 2901 886 2958 deditio
906 2903 970 2958 esta’
1012 2903 1070 2959 Sed
1084 2921 1120 2958 ea

157 2977 286 3034 “caritas
312 2977 408 3051 patrie
429 2987 481 3043 est,
504 2987 611 3034 uttam
640 2977 795 3052 ignominie
823 2997 897 3051 eam,
924 2978 1007 3054 quem
1031 2990 1120 3036 morte

158 3059 174 3086 ‘⁶
183 3059 288 3122 nostrl,
303 3057 326 3111 si
340 3075 411 3130 opus
425 3055 471 3126 sit,
483 3069 637 3110 servemus.
680 3056 822 3112 Subeatur
843 3075 911 3132 ergo
926 3059 988 3128 ista,
1002 3067 1120 3130 quanta·

157 3133 305 3204 “cumque
319 3145 372 3204 est,
386 3133 561 3207 indignites3
593 3143 622 3188 et
636 3143 765 3206 pareatur
790 3135 963 3200 necessitati,
983 3153 1068 3208 quam
1083 3150 1154 3190 neas
1178 3134 1181 3139 ’

158 3207 233 3264 “Dii
254 3209 366 3282 quidem
382 3221 525 3283 superant.
567 3210 621 3281 lte,
643 3210 785 3276 consules,
808 3211 939 3268 redimite
953 3212 1039 3270 armis
1052 3211 1121 3269 ciri·

158 3293 175 3319 ‘⁸
183 3295 280 3358 tatem,
294 3305 378 3359 quarn
391 3305 462 3342 auro
476 3288 595 3362 majores
609 3287 692 3343 vestri
706 3287 918 3344 redemerunt.’'

198 3441 234 3497 V.
262 3441 403 3498 Consules
417 3442 534 3516 profecti
549 3443 585 3498 ad
597 3442 728 3498 Pontium
744 3442 773 3498 in
787 3443 968 3518 colloquium,
983 3462 1070 3519 quum
1084 3446 1120 3502 de

159 3519 268 3578 soedere
283 3520 372 3576 victor
386 3520 514 3595 agitaret,
537 3521 687 3594 negdrunt
712 3520 821 3594 injussu
845 3523 939 3596 populi
955 3523 1047 3579 loedus
1060 3522 1121 3579 fiori

158 3616 260 3673 posse:
282 3615 338 3654 nec
352 3599 413 3654 sine
428 3598 576 3654 fecialibus
595 3598 813 3671 caerimonidque
833 3599 889 3656 alid
903 3600 1022 3658 solenni.
1065 3600 1156 3658 lta-ra

157 3694 214 3748 que
228 3695 296 3741 non,
312 3687 342 3730 ut
356 3675 440 3750 vulgo
462 3676 593 3740 credunt,
618 3675 812 3748 Claudiusque
834 3677 920 3733 etiam
942 3677 1051 3742 scribit,
1073 3677 1122 3733 foe·

125 3753 131 3760 '
159 3753 227 3808 dere
245 3771 299 3827 par
325 3752 467 3824 Caudina,
489 3753 538 3808 sed
560 3770 609 3826 per
636 3753 826 3826 sponsionem,
853 3755 928 3811 facta
947 3765 998 3812 est.
1039 3754 1120 3816 Quid

1306 3805 1309 3900 l
