2630 4228
530 373 635 424 LIBER
651 375 696 425 lx
718 389 780 424 cea.
792 389 830 422 vr.
1119 377 1174 438 151

218 511 294 569 enim
306 521 358 568 aut
370 513 553 586 sponsoribus
567 514 595 570 in
611 514 716 571 laedere
729 533 801 589 opus
810 522 886 570 esset
899 522 947 570 aut
957 511 1112 583 obsidibus,
1126 515 1175 572 ubi

217 589 381 663 precatione
395 609 441 646 res
463 591 650 666 transigiturl
692 602 772 666 “per
794 610 879 664 quem
900 592 1034 664 populum
1059 590 1107 647 liat
1120 587 1176 664 qud

219 667 346 723 “minus
359 667 563 742 legibusdictis
574 680 670 738 stetur,
680 680 711 725 ut
720 686 787 726 eum
802 670 841 724 ita
849 668 960 741 Jupiter
974 668 1064 740 feriat,
1078 687 1176 742 quem-

219 743 399 800 “admodum
414 763 431 800 a
445 745 593 802 socialibus
606 765 708 820 porcus
717 745 860 802 feriatur.’'
883 746 1101 820 spoponderunt
1109 765 1177 802 eon·

184 839 197 875 a
218 821 302 886 eules,
317 821 413 895 legati,
427 834 589 896 quaestores,
604 824 710 880 tribuni
732 823 872 890 militum;
901 823 1073 896 nominaque
1086 823 1177 880 omni·

218 916 275 967 um,
289 899 336 971 qui
351 900 572 973 spoponderunt,
592 911 720 957 exstant:
755 901 813 966 ubi,
835 899 858 957 si
879 918 915 956 ex
935 899 1041 956 soedere
1055 911 1119 956 acta
1131 919 1178 958 res

217 985 301 1040 esset,
325 987 509 1050 preterquam
534 977 652 1034 duorum
684 977 837 1044 fecialium,
868 996 925 1034 non
953 988 1115 1046 exstarent3
1148 989 1178 1036 et

217 1063 329 1126 propter
343 1055 532 1110 necessariam
555 1054 668 1112 soederis
686 1055 849 1112 dilationem
872 1055 986 1111 obsides
1006 1054 1092 1110 etiam
1116 1075 1178 1112 sex·

217 1129 294 1185 canti
309 1132 417 1204 equites
430 1133 570 1207 imperati,
584 1133 632 1206 qui
653 1133 746 1206 capite
764 1133 885 1197 luerent,
907 1132 930 1188 si
944 1144 1028 1206 pacto
1051 1151 1113 1188 non·
1123 1144 1178 1190 sta·

185 1224 209 1263 ra
218 1217 302 1262 retur.
344 1208 474 1285 Tempus
488 1211 555 1266 inde
568 1221 703 1266 statutum
725 1210 872 1266 tradendis
890 1209 1046 1275 obsidibus,
1068 1211 1178 1266 enerci-

217 1283 305 1357 tllque
327 1288 427 1346 inermi
454 1288 602 1345 mittendo.
651 1287 869 1362 Redintegravit
891 1287 999 1343 luctum
1020 1287 1050 1342 in
1077 1287 1177 1344 castris

217 1361 365 1422 consulum
380 1367 529 1431 adrentus,
543 1375 574 1421 ut
588 1364 633 1420 vix
647 1365 683 1420 ab
698 1365 732 1420 iis
746 1365 921 1420 abstinerent
934 1382 1044 1432 manus,
1058 1383 1177 1437 quorum

216 1443 373 1499 temeritate
397 1444 426 1504 in
451 1463 517 1500 eum
534 1442 628 1499 locum
650 1442 766 1498 deducti
787 1453 902 1509 essent;
932 1460 1051 1515 quorum
1065 1441 1179 1516 ignaria

217 1519 321 1580 soedius
335 1521 410 1590 inde,
426 1518 511 1594 quim
534 1519 688 1585 venisseut,
710 1519 822 1576 abituri.
864 1518 924 1576 lllis
937 1537 995 1576 non
1010 1519 1114 1575 ducem
1138 1519 1179 1577 lo·

184 1615 324 1668 iscoram,
339 1617 396 1654 non
411 1598 615 1672 exploratorem
629 1597 735 1653 fuisse:
758 1596 914 1652 belluarum
939 1597 1023 1652 modo
1041 1614 1134 1652 caecos
1147 1597 1178 1654 in

218 1675 325 1730 foveam
342 1676 450 1732 missos.
493 1675 552 1732 Alii
573 1674 643 1730 alios
665 1674 779 1740 intueri,
803 1673 989 1750 contemplari
1013 1692 1090 1730 arma
1110 1691 1178 1732 mox

218 1749 366 1820 tradenda,
387 1763 416 1808 et
439 1753 562 1808 inermes
586 1752 693 1807 suturas
714 1751 836 1817 dextras,
859 1751 1038 1825 obnoxiaque
1061 1769 1180 1826 corpora

218 1829 310 1885 hosti:
333 1835 486 1904 proponere
500 1830 614 1886 sibimet
627 1829 681 1903 ipsi
703 1839 768 1885 ante
791 1829 890 1886 oculos
908 1829 1010 1903 jugum
1025 1829 1136 1900 hostile,
1150 1839 1179 1886 et

216 1905 339 1963 ludibria
353 1905 475 1972 victoris,
489 1917 519 1962 et
532 1907 625 1962 vultus
638 1906 783 1980 superbos,
798 1917 826 1962 et
848 1925 897 1980 per
921 1917 1043 1962 armatos
1063 1906 1179 1962 inermi-

183 2001 264 2050 mum
280 1984 341 2041 iter.
384 1984 545 2050 Indeloedi
568 1983 690 2058 agminis
714 1983 902 2040 miserabilem
925 1984 1010 2054 viam,
1024 2002 1074 2057 per
1088 1983 1178 2040 socio·

217 2080 280 2117 rum
302 2063 388 2117 urbes
406 2063 527 2118 reditum
549 2061 579 2118 in
600 2061 719 2134 patriam
740 2061 775 2116 ad
796 2071 938 2135 parentes,
951 2059 1007 2134 qud
1027 2079 1103 2134 saepe
1125 2059 1194 2134 ipsi·

217 2139 392 2212 majoresque
406 2158 504 2196 eorum
527 2139 733 2212 triumphantes
747 2139 899 2194 venissent.
942 2139 1009 2194 “Se
1023 2137 1097 2194 solos
1117 2137 1179 2194 sine
1278 2209 1279 2212 Ἰ

219 2225 237 2252 ‘⁴
247 2216 373 2281 vulnere,
389 2217 450 2272 sine
464 2215 547 2287 ferro,
562 2216 624 2271 sine
638 2216 700 2272 acie
715 2215 823 2282 victos3
852 2215 906 2272 sibi
920 2234 978 2272 non
992 2216 1130 2289 stringere
1144 2215 1178 2270 li-

218 2303 237 2329 “
246 2291 340 2349 cuisse
348 2293 467 2368 gladios,
477 2311 655 2350 nonmanum
665 2311 731 2348 cum
744 2293 980 2361 lrosteconferre;
994 2292 1047 2349 sibi
1059 2291 1177 2365 nequid-

181 2380 328 2444 25“quam
344 2389 430 2437 arma,
446 2371 636 2444 nequidquam
649 2371 730 2439 vires,
743 2371 932 2444 nequidquam
948 2370 1176 2428 animosdatcs.”

216 2448 289 2504 Haec
315 2448 500 2505 frementibus
521 2449 590 2504 bora
618 2447 709 2504 fatalis
739 2447 904 2522 ignominia
932 2448 1055 2518 advenit,
1081 2446 1179 2504 omnia

215 2527 337 2584 tristiora
351 2526 524 2600 experiendo
535 2525 652 2594 factura,
667 2523 751 2598 qudm
775 2544 837 2598 quae
860 2537 1053 2600 preceperant
1067 2523 1178 2580 animis.

217 2602 282 2659 Jam
297 2603 416 2677 primurn
431 2622 496 2658 cum
512 2603 631 2677 singulis
645 2602 821 2659 vestimentis
845 2603 968 2660 inermes
981 2613 1062 2658 extre
1074 2601 1178 2658 vallum

216 2681 294 2736 exire
305 2680 386 2754 jussi,
401 2691 430 2737 et
450 2680 533 2754 primi
555 2679 649 2736 traditi
662 2680 786 2750 obsides,
801 2689 884 2752 atque
899 2679 928 2736 in
953 2678 1110 2735 custodiam
1132 2678 1180 2733 ab·

181 2785 207 2824 ³0
216 2757 304 2814 ducti.
346 2757 425 2814 Tum
439 2777 456 2814 a
470 2757 635 2814 consulibus
649 2757 727 2813 abire
740 2757 853 2813 lictores
868 2755 950 2830 jussi,
965 2754 1179 2828 paludamenta·

215 2853 269 2907 que
284 2835 418 2903 detracta,
439 2845 547 2892 tantam
570 2835 642 2891 inter
664 2835 746 2908 ipsos,
767 2833 826 2907 qui,
846 2830 929 2908 pauld
944 2832 1008 2888 ante
1030 2850 1079 2888 eos
1098 2849 1180 2886 exse·

215 2923 337 2982 crantes,
352 2913 498 2969 dedendos
517 2912 739 2984 lacerandosque
760 2919 941 2975 censuerant,
967 2908 1177 2965 miserationem

217 2986 323 3067 [lecit]
340 3000 380 3056 ut,
395 3009 454 3046 suae
467 2989 585 3064 quisque
606 2989 779 3046 conditionis
792 2988 905 3053 oblitus,
920 2987 956 3042 ab
977 2987 1025 3042 illa
1039 2985 1178 3042 deforma·

214 3067 292 3123 tione
306 3077 391 3123 tantae
405 3067 569 3142 majestatis,
583 3066 660 3122 velut
673 3066 709 3122 ab
731 3065 855 3122 nefando
877 3063 1051 3138 spectaculo,
1070 3073 1179 3120 averte·

180 3154 258 3210 πνεῖ
270 3145 377 3202 oculos.
588 3157 592 3163 ’

254 3299 306 3357 VI.
341 3299 428 3356 Primi
454 3298 587 3356 consules
613 3295 700 3372 prope
723 3295 865 3354 seminudi
886 3296 1058 3372 subjugum
1079 3294 1177 3353 missi:

215 3387 286 3444 tum,
302 3378 464 3451 utquisque
484 3377 576 3452 gradu
596 3375 740 3450 proximus
754 3385 824 3446 erat,
846 3375 885 3431 ita
906 3374 1069 3449 ignominie
1083 3373 1185 3448 objec-

213 3465 275 3511 tus:
297 3465 357 3512 tum
371 3455 508 3528 deinceps
522 3453 641 3528 singulae
655 3453 790 3527 legiones.
832 3451 1063 3508 Circumstabant
1077 3449 1177 3508 armati

213 3533 317 3600 hostes,
337 3532 539 3607 exprobrantes
563 3531 785 3604 eludentesque:
820 3530 907 3604 gladii
929 3530 1014 3584 etiarn
1035 3529 1176 3603 plerisque
1200 3585 1204 3592 .

179 3609 366 3679 „intentati3
396 3621 425 3666 et
438 3609 577 3665 vulnerati
598 3609 712 3682 quidam
736 3609 896 3681 uocatique,
911 3607 934 3662 si
957 3606 1048 3662 vultus
1068 3623 1174 3674 eorum,

213 3687 383 3762 indignitate
397 3707 492 3758 rerum
507 3687 608 3758 acrior,
623 3686 756 3744 victorem
771 3685 945 3742 offendisset.
988 3683 1032 3739 lta
1052 3680 1176 3739 traducti

161 3817 170 3833 ,
211 3767 266 3824 sub
284 3766 394 3842 jugum,
409 3776 447 3832 et,
461 3765 534 3839 quod
549 3783 630 3840 paene
643 3765 758 3840 gravius
772 3773 841 3834 erat,
863 3779 913 3835 per
932 3761 1054 3818 hostium
1068 3758 1175 3818 oculos.
