2620 4220
452 759 566 820 LIBRI
587 759 775 819 VIOESIMI
796 757 947 818 TER'I'II

572 977 643 1025 CAP.
660 974 820 1024 xl-xln.

594 1169 797 1181 —n—‘n-

462 1341 587 1376 ΕΡΙΤΟΜΕ
599 1341 680 1380 Luam
692 1341 822 1376 vlcnsiass
834 1340 940 1400 anani.

240 1485 346 1524 cruram
357 1484 382 1524 ad
391 1482 657 1522 Hannibalemdat'aearnnt.
683 1492 720 1523 xl.
738 1491 788 1522 ¹11.
805 1476 912 1523 Nuntius
925 1475 1059 1522 Cannensis
1072 1474 1179 1524 victoria}

215 1541 290 1605 Mago
302 1542 469 1602 Carthaginem
482 1541 567 1586 missua
577 1540 677 1585 annulos
689 1553 781 1593 aureos,
794 1553 807 1584 a
819 1539 898 1599 digitis
910 1539 1043 1585 occisorum
1057 1537 1179 1585 Romano·

215 1619 267 1652 rum
276 1606 402 1658 detractos,
413 1605 438 1649 in
450 1602 567 1649 vestibulo
580 1603 650 1647 curiae
662 1601 759 1648 effudit:
779 1615 838 1661 quos
851 1602 985 1648 excessisse
998 1599 1069 1646 modii
1080 1614 1177 1647 mensu·

216 1681 264 1714 rant
277 1667 379 1713 traditur.
397 1679 447 1712 rur.
460 1679 518 1711 xrrr.
531 1665 590 1710 Post
598 1677 669 1723 quem
680 1664 789 1713 nuntium
799 1664 897 1718 Hanno,
907 1663 940 1708 vir
947 1677 978 1710 ex
988 1661 1070 1708 Poe'nis
1082 1663 1178 1709 nobilis-

216 1729 300 1784 simus,
312 1728 426 1774 suadebat
437 1728 528 1774 senatui
542 1727 783 1786 Carthaginiensium,
802 1734 829 1772 ut
846 1741 929 1784 pacern
942 1741 956 1772 a
967 1725 1055 1784 populo
1068 1724 1178 1772 Raurano

216 1796 340 1850 peterent:
358 1803 404 1835 nec
416 1790 500 1844 tenuit,
512 1790 662 1848 obstrepente
681 1783 784 1835 Barcini
802 1788 913 1834 factione.
945 1792 1044 1832 claudius
1060 1793 1178 1842 Marcellus,

231 1857 288 1889 rotor
297 1851 322 1889 ad
332 1849 413 1898 Nolam,
422 1849 525 1897 eruptione
535 1850 630 1887 adversus
639 1848 775 1886 Hannibalern
783 1861 808 1887 ax
817 1849 963 1898 applausum,
972 1851 1065 1898 prospare
1088 1849 1179 1898 agnovit.

215 1863 324 1939 brennus
332 1899 453 1937 Hannibalis
462 1909 495 1946 par
504 1898 588 1936 hiberna
594 1899 669 1946 Capuae
678 1897 707 1936 ita
716 1898 831 1936 luxuriatus
839 1905 878 1945 ost,
887 1909 911 1936 ut
919 1910 1023 1947 corporum
1034 1861 1109 1936 viribus
1117 1904 1180 1947 atque

215 1948 327 1986 animorum
337 1953 474 1987 enervaretur.
488 1947 610 1994 Casilinum,
617 1958 629 1983 a
637 1945 817 1994 Poenisobmssum,
827 1945 855 1984 ita
863 1945 916 1984 tama
926 1954 1022 1985 vexatum
1032 1953 1071 1994 ast,
1081 1953 1104 1985 ut
1111 1947 1153 1984 lora
1159 1951 1181 1984 at

214 1997 277 2045 palles
284 1997 347 2035 scutis
354 1997 466 2043 detractas,
473 1996 522 2034 itam
529 2001 677 2044 moronensem
686 2007 692 2042 ς
703 2002 724 2033 at
731 1995 865 2052 nucibuspper
874 1995 996 2033 Vulturnum
1004 2007 1083 2034 aronam
1090 2007 1102 2032 a
1109 1995 1182 2033 Rorna-

214 2045 245 2084 nis
254 2045 329 2094 missis,
338 2045 433 2083 vixerint.
459 2045 545 2082 Sanetus
554 2056 578 2082 ex
589 2044 675 2094 equestri
685 2043 754 2084 ordina
770 2043 883 2088 bominibus
894 2050 973 2082 centum
984 2043 1095 2094 nonaginta
1103 2050 1180 2092 septem

214 2093 366 2142 suppletusast.
385 2093 409 2130 1..
420 2093 535 2131 Postumius
558 2091 981 2130 ratoraGalliscumexereitucesusest.
1004 2093 1041 2131 Cn.
1052 2099 1073 2130 et
1083 2091 1104 2130 Ρ.
1115 2091 1181 2140 Scipi-

214 2150 264 2180 onas
281 2143 302 2182 in
320 2142 419 2190 Hispania
435 2105 582 2180 llasrtrubnibm
595 2141 694 2190 viaernut,
707 2147 728 2179 et
742 2141 860 2190 Hispaniam
874 2153 930 2180 auaro
944 2141 1043 2180 iecerunt.
1058 2172 1062 2179 .
1082 2141 1181 2190 Reliqua

214 2191 327 2228 Cannensis
335 2189 436 2228 exercitiis
446 2189 465 2228 in
476 2189 568 2227 Siciliam
578 2190 669 2239 relegata
678 2196 736 2236 auot3
756 2203 780 2228 no
796 2190 914 2228 recederent
928 2190 981 2238 inde,
997 2189 1035 2228 nisi
1051 2189 1108 2228 finito
1118 2190 1179 2228 bello.

134 2287 137 2291 Ι
215 2238 271 2276 Inter
280 2239 394 2287 Philippum
405 2237 536 2276 Macedonum
547 2249 612 2287 regem
621 2245 644 2277 at
654 2237 787 2277 Hannibalern
800 2238 886 2276 societas
900 2239 972 2295 juncta
986 2245 1024 2277 ast.
1051 2237 1180 2287 Sempronius

214 2286 329 2336 Gracchus,
341 2287 420 2334 consul,
435 2287 550 2334 Campanos
565 2287 648 2326 caeirlit.
683 2288 781 2326 ereans
796 2287 816 2328 in
830 2287 924 2326 sardina
937 2287 1045 2326 felicitare
1058 2287 1085 2326 Τ.
1102 2287 1179 2326 llanlio

215 2341 298 2384 pretore
308 2336 402 2374 musteus
411 2335 482 2373 Poenos
492 2335 566 2373 Sardos
582 2348 606 2374 ua
616 2347 647 2374 res
670 2337 834 2375 eatascontinet:
855 2349 867 2374 a
878 2348 917 2386 quo
925 2333 1037 2376 Hasdrubal
1047 2337 1096 2385 dux,
1105 2344 1125 2374 et
1135 2335 1180 2375 lila-

214 2385 361 2434 go,atltanna
374 2385 437 2432 capti.
463 2384 561 2423 Claudius
599 2347 692 2434 arniba,
708 2391 788 2434 prator,
804 2385 923 2424 Hannibalis
936 2385 1050 2424 exereitum
1065 2387 1090 2424 ad
1104 2383 1180 2424 Nolam

229 2433 284 2483 roelio
293 2433 345 2472 ludit
354 2438 375 2472 et
383 2433 448 2482 vieit;
461 2432 577 2482 primusque
587 2439 617 2472 tot
625 2434 716 2472 cladibus
723 2434 782 2474 farsis
788 2434 1054 2484 Romauisnreliorannpam
1059 2434 1108 2474 balli
1115 2434 1178 2474 dedit.

214 2444 276 2533 forr.
286 2493 392 2520 r-xarr.
418 2493 440 2521 u.
451 2493 472 2520 c.
480 2481 597 2520 trae—5³⁷.
623 2495 645 2522 a.
655 2495 676 2521 c.
685 2483 812 2535 ata-2154

598 2660 797 2672 ——--.—.-

180 2813 207 2893 ξ
253 2805 308 2864 ΧΙ.
350 2849 477 2866 .....
499 2807 765 2865 Nuntiusviotoriae
780 2808 816 2866 ad
839 2807 956 2866 Cannas
974 2807 1178 2886 Carthaginem

180 2895 330 2951 nvenerat
343 2887 439 2962 Mage,
454 2885 630 2944 Hamilcaris
645 2887 727 2943 lilius.
768 2927 895 2944 .....
930 2887 968 2955 Is,
993 2907 1079 2961 quum
1094 2889 1121 2944 ei
1135 2907 1179 2945 ee-

186 2957 200 3048 }
214 2976 298 3024 natus
311 2966 394 3022 datus
408 2977 492 3031 esset,
507 2985 552 3022 res
563 2977 657 3040 gestas
666 2965 695 3021 in
708 2965 792 3022 Italia
801 2985 817 3022 a
827 2966 910 3022 fratre
919 2966 1050 3042 exponit:
1073 2975 1092 3002 “
1102 2967 1178 3023 Cum

194 3099 200 3112 ,
215 3049 292 3099 “sex
306 3043 521 3117 imperatoribus
535 3062 611 3108 eum,
626 3061 743 3116 quorum
759 3055 877 3118 quatuor
892 3045 1032 3114 consules,
1047 3044 1105 3102 duo
1118 3045 1178 3102 dic·

180 3113 234 3188 {t‘
243 3131 314 3177 tator
328 3140 362 3177 ac
376 3121 510 3196 magister
535 3119 662 3196 equitnm
687 3121 800 3187 fuerint,
822 3141 888 3178 enm
910 3140 960 3179 sex
980 3122 1178 3180 consularibus

186 3205 199 3279 ιξ
215 3205 233 3236 ‘⁶
242 3199 423 3265 exercitibus,
439 3199 501 3278 acie
516 3199 680 3256 conflixisse
694 3219 700 3255 z
723 3199 863 3256 occidisse
878 3221 962 3276 sopra
976 3202 1101 3260 ducenta
1115 3201 1178 3258 mil·

108 3344 112 3348 ·
179 3280 205 3332 Ξ
215 3276 280 3332 “lia
300 3277 442 3333 hostium:
467 3297 552 3354 supra
565 3277 770 3352 quinquaginta
785 3278 873 3334 millia
887 3280 1006 3353 cepisse.
1048 3279 1095 3335 Ex
1109 3298 1177 3354 qua·

214 3359 233 3392 ‘⁶
242 3364 304 3411 tuor
313 3355 477 3416 consulibus
486 3357 557 3412 duos
565 3356 720 3424 occidisse;
735 3375 771 3412 ex
782 3357 894 3414 duobus
904 3358 1033 3414 saucium
1045 3357 1175 3430 alterum,

214 3431 371 3498 “alterum
387 3445 444 3490 toto
458 3434 713 3505 exercituamisso,
728 3434 773 3492 vix
788 3455 854 3494 cum
869 3435 1074 3510 quinquaginta
1087 3435 1177 3494 bomi-

181 3530 205 3569 ιο
214 3515 232 3548 “
241 3511 326 3568 nibus
340 3511 482 3586 effugisse.
515 3511 683 3586 Magistrum
696 3513 833 3586 equitum,
847 3534 909 3590 quae
918 3513 1075 3571 consularis
1085 3527 1176 3589 potes-

214 3593 232 3626 “
243 3599 286 3644 tas
299 3589 344 3655 sit,
360 3590 453 3646 susum
469 3586 672 3665 fugatumque:
707 3591 883 3659 dictatorem,
908 3593 974 3666 quia
994 3611 1024 3649 se
1039 3592 1068 3648 in
1083 3593 1174 3648 aciem

214 3671 388 3741 “nunqnam
403 3668 586 3740 commiserit,
602 3668 719 3724 unioum
734 3670 831 3728 haberi
847 3671 1052 3745 imperatorem.
1095 3670 1176 3728 Brut·

213 3749 232 3782 “
242 3745 295 3804 tios
309 3746 483 3821 Apulosque,
498 3745 599 3822 partim
615 3747 787 3804 Samnitium
803 3767 836 3806 ac
851 3749 1043 3824 Lucanorum,
1057 3749 1177 3808 defecis-
