2620 4220
331 400 335 405 ,
433 349 537 400 LIBER
553 351 661 400 xxvlt.
694 367 856 404 caaxxrrx.
1075 355 1136 414 219

171 492 239 548 dum
269 509 332 548 erse
357 493 543 549 descendenti
574 494 610 550 ab
636 494 767 569 Alpibus,
788 513 825 550 ne
845 494 943 551 Gallos
963 492 1135 567 Cisalpinos,

171 585 243 626 neve
257 569 413 642 Etruriam,
426 582 550 627 erectam
566 571 594 627 in
611 591 690 646 spem
714 590 808 628 rerum
833 591 979 638 novarum,
1003 572 1136 629 sollicita·

171 657 233 715 ret3
255 659 283 704 et
299 649 491 704 Hannibalem
506 667 557 705 suo
570 650 682 724 proprio
695 651 895 724 occupandum
909 649 991 719 bello,
1001 667 1037 705 ne
1046 667 1137 706 emer·

171 743 239 800 gere
261 744 297 781 ex
318 726 444 794 Bruttiis,
468 738 551 800 atque
578 727 691 783 obviarn
717 727 794 783 fratri
816 728 867 792 ire,
889 726 1008 806 posset),
1038 727 1137 784 Livius

149 804 371 876 coarctabatur,
398 822 496 879 parum
520 798 610 862 fideirs
631 823 745 861 suarum
771 806 978 879 provinciarum
1006 805 1137 862 exerciti-

173 881 251 938 busz·
271 883 438 957 “collegam
462 899 497 938 ex
511 882 622 939 duobus
643 883 840 939 consularibus
862 883 985 958 egregiis
1005 883 1137 940 exerciti-

171 961 190 994 “
200 960 263 1031 bus,
277 971 306 1016 et
319 961 412 1027 tertio,
426 961 475 1017 cui
495 959 535 1020 Q.
561 960 700 1017 Claudius
724 959 843 1018 Tarenti
866 972 1008 1036 praeesset,
1022 960 1137 1017 electio-

171 1041 266 1094 “nem
281 1039 385 1095 habere
398 1039 431 1095 :”
465 1038 653 1112 intuleratque
668 1039 842 1095 mentionem
866 1039 902 1094 de
927 1038 1074 1094 volonibus
1095 1057 1138 1094 re·

171 1117 307 1172 vocandis
321 1117 357 1173 ad
371 1116 462 1191 signa.
505 1117 629 1172 Senatus
643 1117 759 1172 liberam
779 1128 945 1192 potestatem
970 1117 1136 1174 consulibus

137 1193 250 1260 refecit,
265 1204 294 1250 et
307 1194 456 1269 supplendi
471 1195 547 1250 unde
563 1195 677 1267 vellent,
688 1205 716 1250 et
729 1195 854 1270 eligendi
866 1196 902 1250 de
910 1194 1043 1251 omnibus
1057 1213 1138 1252 exer·

171 1273 284 1342 citibus,
298 1291 367 1346 quos
388 1273 502 1339 vellent,
524 1273 770 1348 permutandique,
791 1285 820 1329 et
833 1290 870 1329 ex
891 1272 1053 1348 provinciis,
1067 1291 1138 1347 quos

171 1367 238 1407 ere
259 1351 374 1424 publica
394 1363 547 1407 censerem
566 1369 640 1419 esse,
662 1351 840 1408 traducendi.
889 1350 932 1407 Ea
952 1351 1049 1406 omnia
1070 1361 1136 1407 curn

171 1428 282 1485 summd
303 1429 458 1486 concordid
479 1429 629 1486 consulum
652 1439 723 1486 acta.
767 1429 893 1486 Volones
907 1429 936 1484 iu
959 1427 1137 1484 undevicesi-

171 1524 245 1562 mam
261 1517 289 1564 et
303 1508 468 1564 vicesimam
489 1505 617 1583 legiones
638 1507 743 1582 scripti.
787 1507 883 1582 lllagni
909 1506 1016 1564 roboris
1031 1505 1137 1562 auxilia

137 1603 205 1642 aser
220 1585 358 1660 Hispania
379 1605 491 1660 quoque
515 1605 532 1642 a
555 1586 585 1641 P.
601 1574 736 1660 Scipion'e
762 1585 803 1642 M.
820 1586 899 1641 Livio
914 1585 1000 1640 missa
1019 1584 1135 1657 quidam

170 1663 211 1718 ad'
221 1663 250 1719 id
266 1664 370 1719 bellum
385 1677 515 1720 auctores
529 1673 613 1720 sunt:
647 1675 713 1721 octo
727 1664 815 1720 millia
836 1663 1029 1738 Hispanorum
1043 1662 1137 1719 Gallo·

170 1739 299 1815 rumque',
325 1751 353 1797 et
377 1739 433 1799 duo
457 1742 545 1798 millia
559 1742 594 1798 de
612 1743 723 1818 legione
745 1743 875 1812 militum,
897 1741 1024 1815 equiturn
1047 1740 1134 1807 mille,

169 1819 273 1876 mixtos
295 1819 437 1876 Numidas
460 1819 680 1895 Hispanosque:
716 1819 757 1876 lll.
782 1819 947 1876 Lucretium
967 1819 1018 1874 has
1038 1818 1136 1893 copias

169 1897 289 1953 navibus
302 1897 476 1954 adduxisse:
506 1909 535 1954 et
548 1899 755 1973 sagittariorum
772 1899 1003 1970 funditorumque
1017 1896 1052 1951 ad
1068 1913 1136 1970 qua·

135 1984 232 2031 sotuor
248 1975 334 2031 millia
348 1993 383 2031 ex
398 1975 545 2032 Siciliae.
564 1976 725 2042 Mamilium
738 1976 856 2032 misisse.

210 2129 357 2188 XXXIX.
389 2132 541 2190 Auxerunt
554 2133 656 2190 Romae
670 2132 821 2190 tumultum
836 2133 924 2189 literae
938 2150 973 2188 ex
987 2129 1082 2205 Gallia
1097 2130 1136 2186 al·

169 2206 233 2264 latae
254 2211 290 2265 ab
304 2210 337 2265 L.
353 2209 453 2267 Porcio
468 2222 604 2285 praetore:
639 2211 876 2268 “Hasdrubalem
899 2210 1019 2266 movisse
1043 2227 1080 2265 ex
1094 2209 1136 2265 bi·

169 2287 188 2320 ‘⁴
202 2288 305 2355 bernis,
320 2287 418 2364 etjam
434 2289 523 2364 Alpes
547 2290 685 2346 transire:
717 2299 782 2347 octo
803 2289 891 2346 millia
905 2288 1054 2363 Ligurum.
1068 2305 1136 2344 con-

169 2366 188 2399 “
200 2367 304 2441 scripta
314 2377 491 2441 annuaque,
509 2369 698 2444 conjunctura
719 2387 749 2424 se
774 2378 950 2442 transgresso
971 2366 1000 2422 ia
1023 2365 1134 2422 Italiam

134 2445 188 2503 aa“
199 2463 271 2511 esse,
286 2445 341 2500 nisi
356 2445 514 2501 mitteretur
534 2445 564 2503 in
586 2446 715 2522 Ligures,
737 2445 785 2520 qui
806 2463 855 2502 eos
869 2445 942 2502 bello
962 2453 1134 2518 occuparet:

168 2525 238 2589 “se,
263 2541 330 2579 cum
353 2522 477 2580 invalido
491 2524 628 2591 exercitu,
644 2524 735 2598 quoad
759 2535 850 2580 tutum
873 2533 993 2598 putaret,
1008 2539 1136 2596 progres-

168 2602 325 2656 “surum.''
370 2601 422 2656 Hae
449 2601 538 2657 literae
558 2603 701 2672 consules,
726 2601 826 2676 raptim
854 2599 986 2656 confecto
1010 2599 1134 2671 delectu,

169 2676 414 2752 nonnusquam
430 2680 647 2746 constituerant,
663 2680 740 2736 exire
752 2679 781 2735 in
796 2677 955 2754 provincias
966 2680 1132 2750 coegerunt,

168 2759 202 2812 ed
227 2767 332 2826 mente,
357 2766 389 2812 ut
411 2767 528 2831 uterque
551 2759 659 2814 hostem
681 2757 710 2813 in
726 2759 776 2812 sud
796 2755 943 2831 provincia
964 2754 1133 2825 contineret,

134 2851 261 2908 saneque
295 2834 442 2909 conjungi,
468 2849 517 2892 aut
542 2835 673 2892 conferre
704 2835 733 2891 in
764 2852 853 2891 unum
883 2833 955 2888 vires
982 2841 1133 2906 pateretur.

168 2912 326 2969 Plurimum
342 2913 370 2968 in
384 2930 448 2968 eam
463 2932 522 2969 rem
537 2913 643 2988 adjuvit
656 2912 752 2988 opinio
768 2910 938 2968 Hannibalis
950 2929 971 2966 ι,
987 2907 1072 2982 qudd‚
1093 2918 1134 2964 et-

168 2990 192 3046 si
206 2992 239 3046 ed
262 3001 358 3046 aestate
379 2991 562 3048 transiturum
584 2992 613 3048 in
636 2991 747 3047 Italiam
768 2990 881 3046 fratrem
905 2987 1075 3051 crediderat,
1091 3003 1135 3042 re·

168 3067 314 3125 cordando
327 3086 389 3141 quae
404 3068 463 3142 ipse
478 3069 506 3125 in
522 3069 640 3126 transitu
655 3086 735 3125 nunc
747 3067 893 3137 Rhodani,
910 3083 989 3121 nunc
1004 3063 1132 3138 Alpium,

167 3164 235 3202 cum
250 3146 413 3202 hominibus
426 3146 551 3221 locisque
572 3146 727 3222 pugnando
741 3163 790 3220 per
804 3145 928 3218 quinque
952 3160 1065 3198 menses
1084 3160 1133 3198 ex·

132 3223 317 3292 ashausisset
332 3224 550 3299 haudquaquam
566 3236 622 3281 tam
638 3223 750 3280 facilem
772 3233 969 3296 maturumque
982 3220 1133 3276 transitum

167 3301 359 3376 exspectabat.
402 3301 445 3357 Ea
471 3302 580 3359 tarditis
604 3300 735 3358 movendi
756 3319 793 3356 ex
815 3299 941 3356 hibernis
962 3317 1050 3355 causa
1071 3297 1132 3353 luit.

168 3376 318 3436 Caeterum
334 3379 506 3437 Hasdrubali
521 3392 550 3437 et
564 3383 613 3436 sud
628 3379 789 3436 etaliorum
813 3397 863 3453 spe
881 3377 977 3435 omnia
997 3375 1134 3432 celeriora

168 3467 252 3531 atque
265 3457 443 3532 expeditiora
456 3458 547 3515 fuere.
588 3457 656 3514 Non
678 3457 756 3512 enim
780 3471 950 3530 receperunt
970 3453 1054 3510 modo
1079 3459 1134 3510 Ar·

167 3536 247 3592 verni
262 3555 338 3606 eum,
353 3535 545 3612 deincepsque
559 3536 621 3594 aliae
642 3535 760 3592 Gallice
782 3546 865 3608 atque
887 3533 1001 3607 Alpinas
1014 3542 1133 3606 gentes3

133 3613 220 3675 used
234 3613 320 3669 etiam
335 3623 440 3671 secutae
454 3614 570 3670 suntad
585 3613 709 3670 bellum:
740 3623 770 3669 et
782 3631 869 3686 quum
888 3629 937 3685 per
952 3610 1062 3666 munita
1075 3607 1133 3682 ple·

168 3709 257 3764 reque
282 3691 401 3747 transitu
424 3692 526 3758 fratris,
550 3711 612 3766 quae
641 3702 726 3748 antea
749 3691 826 3747 invia
847 3689 968 3752 fuerant,
989 3686 1132 3758 dqcebat;

169 3769 339 3840 tumetium,
354 3769 506 3828 duodecim
522 3789 659 3829 annorum
682 3768 865 3826 metretudine
886 3764 989 3848 perviis
1011 3762 1134 3838 Alpibus
