2620 4220
167 349 228 418 m
582 342 652 394 τιτι
668 342 753 396 arvrr

171 503 295 556 “nestra
317 489 412 567 placet
434 505 533 556 causa,
557 505 615 546 non
634 485 683 544 alii
704 503 830 562 unquam
851 483 945 544 minue
965 481 1135 565 negligendi

170 571 288 641 uvobis,
302 567 388 644 qudm
402 587 463 640 pos,
488 567 518 624 in
543 565 666 624 bostium
690 575 858 641 potestatem
879 574 1039 620 venerunt:
1074 583 1135 623 nou

170 650 275 710 “enim
290 649 320 706 in
334 647 397 704 acie
411 665 460 722 per
485 645 614 702 timorem
636 663 717 701 erma
739 642 942 704 tradidimusr,
959 643 1021 710 sed,
1044 661 1135 717 quum

169 728 285 805 “prope
299 727 335 784 ad
350 737 463 784 noctem
475 733 670 798 superstantes
682 720 806 780 cumulis
828 735 968 780 cesorum
982 739 1134 796 corporum

169 817 188 846 ‘⁶
197 806 329 884 proelium
355 803 584 873 extraxissemus,
605 801 635 858 in
661 811 756 858 castra
776 799 937 874 recepimus
962 819 1023 856 uos.
1065 800 1169 858 Dieie

169 885 337 959 “reliquum
351 901 386 940 ac
399 892 513 938 noctem
528 880 736 953 insequentem,
761 878 827 936 lessi
851 877 947 934 labore
961 897 996 934 nc
1010 878 1136 936 vulneri-

170 973 189 1004 “
198 963 262 1030 bus,
276 961 380 1020 vellum
394 977 492 1016 eumue
507 958 598 1016 tutati.
641 958 757 1014 Postero
771 957 829 1024 die,
843 975 931 1033 quum
949 957 1134 1015 circumsessi

73 1067 80 1078 ·
170 1051 189 1080 ‘⁴
198 1042 235 1100 ab
248 1040 374 1098 exercitu
389 1037 494 1094 victore
509 1036 583 1111 aquit
596 1054 771 1102 arceremur,
791 1053 847 1092 nec
861 1035 919 1092 ulla
929 1035 988 1112 jam
1002 1055 1052 1109 per
1065 1053 1136 1093 cou-

170 1129 189 1158 “
199 1120 285 1178 lertos
297 1119 392 1176 hostes
405 1115 573 1190 erumpendi
587 1133 652 1190 spes
669 1125 754 1180 esset,
774 1131 830 1170 nee
843 1133 906 1170 esse
921 1113 1001 1170 nefas
1014 1113 1136 1171 ducere·

169 1207 271 1266 “mus,
285 1194 492 1270 quinquaginta
505 1193 630 1250 millibus
646 1192 794 1250 bominum
816 1211 852 1249 ex
872 1193 934 1250 acie
956 1193 1053 1250 nostri
1076 1203 1170 1252 bru-ro

170 1285 189 1314 ‘¹
199 1275 312 1343 cidens,
328 1273 452 1349 aliquem
466 1291 502 1330 ex
516 1271 663 1330 Cannensi
676 1271 773 1346 pugni
782 1271 947 1328 Romanum
960 1271 1079 1328 militem
1091 1291 1135 1328 re·

169 1363 288 1423 “stare3
323 1363 383 1410 tum
408 1352 523 1408 demum
545 1350 621 1425 pacti
637 1367 742 1426 'sumus
765 1350 900 1424 pretium,
916 1369 977 1424 quo
993 1350 1133 1425 redempti

169 1441 188 1469 ‘⁸
198 1432 424 1490 dimitteremur:
446 1448 533 1498 arma,
548 1427 695 1502 inquibus
716 1428 787 1484 nihil
798 1429 858 1503 jem
870 1428 969 1486 auxilii
984 1439 1054 1494 erat,
1069 1429 1134 1485 bos·

169 1511 219 1568 “ti
233 1509 410 1568 tradidimus.
452 1505 578 1582 Majores
591 1525 703 1580 quoque
725 1525 929 1582 acceperamus
949 1525 979 1563 se
1004 1526 1021 1563 a
1041 1506 1134 1570 Gallis

168 1597 188 1625 “
197 1607 266 1646 auro
280 1586 453 1644 redemisse:
475 1596 504 1642 et
517 1596 610 1660 patres
624 1597 741 1652 vestros,
756 1585 927 1660 asperrimos
940 1585 1002 1642 illos
1016 1586 1051 1641 ad
1065 1602 1168 1643 con-ue

108 1665 113 1676 '
168 1665 334 1725 “ditionem
349 1665 438 1739 pacis,
458 1663 566 1738 legatos
587 1674 683 1720 tamen
704 1663 879 1738 captivorum
901 1664 1133 1723 redimendorum

168 1743 290 1818 “gratie
304 1742 465 1800 Tarentum
479 1741 599 1800 misisset
642 1742 739 1816 Atqui,
755 1753 784 1798 et
797 1743 833 1798 ad
849 1742 964 1799 Alliam
979 1761 1044 1800 eum
1066 1743 1134 1800 Gal-

167 1821 241 1888 ulia,
255 1833 285 1880 et
298 1821 335 1878 ed
349 1820 521 1878 Heracleam
535 1839 602 1877 cum
618 1819 735 1894 Pyrrho,
760 1831 878 1895 utraque
899 1837 958 1878 non
978 1836 1036 1878 tam
1050 1821 1134 1878 clade

167 1899 322 1970 “inseruie,
346 1898 432 1974 quim
459 1917 563 1973 pavore
585 1917 620 1956 ac
641 1899 717 1973 lugd,
737 1918 835 1974 pugna
849 1899 911 1956 suit.
962 1901 1133 1957 Cannenses

167 1987 314 2053 “campos
335 1977 429 2036 seervi
444 1977 641 2034 Romanorum
655 1976 805 2051 corporum
819 1989 939 2054 tegunt:
968 1997 1023 2035 nec
1037 1996 1168 2054 super-su

167 2065 187 2093 “
196 2075 295 2114 sumus
309 2075 423 2132 pugnae,
437 2055 493 2114 nisi
513 2056 543 2112 in
555 2055 666 2131 quibus
679 2055 857 2114 trucidandis
878 2067 908 2114 et
931 2057 1036 2114 serrum
1050 2069 1080 2114 et
1093 2058 1133 2116 vi·

167 2143 241 2194 “res
262 2135 371 2194 hostem
396 2134 571 2192 defecerunt.
621 2135 696 2192 Sunt
715 2134 802 2192 etiam
821 2135 984 2194 de'nostris
1006 2137 1132 2210 quidam,
1163 2161 1169 2168 ·

166 2214 243 2292 “qui
258 2236 296 2274 ne
310 2215 340 2274 in
361 2215 424 2274 acie
445 2215 560 2290 quidem
581 2213 764 2290 refugerunt:
793 2215 855 2286 sed,
878 2214 1010 2290 presidio
1031 2216 1133 2272 cestris

168 2306 187 2332 “
198 2295 300 2363 relicti,
327 2313 416 2370 quum
442 2306 536 2353 castra
557 2294 745 2360 traderentur,
767 2292 798 2350 in
818 2304 986 2368 potestatem
1007 2293 1132 2350 hostium

166 2379 186 2412 “
196 2384 343 2432 venerunt.
400 2373 487 2431 Haud
513 2371 647 2446 equidem
674 2371 760 2428 ullius
790 2371 861 2429 civis
880 2381 909 2428 st
929 2371 1168 2430 commilitonisse

167 2453 314 2510 “fortune
329 2459 378 2510 eut
398 2449 555 2508 conditioni
569 2449 699 2519 invideo;
731 2469 787 2507 nec
808 2450 966 2526 premendo
985 2450 1071 2506 elium
1085 2469 1132 2508 me

167 2529 329 2594 “ertulisse
351 2529 454 2586 uelim:
485 2547 522 2586 ue
536 2528 576 2586 illi
590 2528 706 2603 quidem
732 2527 801 2604 (nisi
825 2528 1014 2603 pernicitatis·
1025 2529 1133 2604 pedum

167 2614 225 2666 “et
238 2610 338 2665 cursus
359 2607 473 2682 aliquod
486 2607 634 2682 premium
648 2607 716 2686 est),
737 2607 786 2682 qui
809 2606 937 2682 plerique
955 2607 1083 2666 inermes
1095 2621 1133 2665 ex

167 2690 187 2724 “
196 2687 259 2745 acie
275 2687 427 2762 fugientes,
441 2705 499 2744 non
511 2686 598 2761 pride,
613 2684 699 2760 qudrn
714 2685 849 2742 Venusiae
861 2699 910 2742 eut
920 2685 1050 2756 Canusii,
1065 2705 1133 2744 con·

167 2769 187 2802 “
196 2766 338 2833 stiterunt,
353 2784 383 2822 se
398 2765 479 2822 nobis
494 2763 594 2821 meritd
618 2763 802 2839 praetulerint,
826 2763 994 2839 gloriatique
1016 2765 1081 2834 sint,
1101 2765 1167 2821 ineo

167 2847 227 2902 “se
249 2845 322 2920 plus,
342 2844 428 2918 quim
449 2843 478 2899 in
499 2843 592 2914 nobis,
613 2842 738 2918 presidii
763 2842 926 2917 reipublice
945 2861 1032 2899 esses
1072 2843 1132 2900 Sed

168 2926 187 2962 ‘⁴
197 2923 253 2980 illis
266 2933 295 2980 et
310 2921 391 2979 bonis
405 2940 439 2977 sc
454 2921 572 2978 sortibus
585 2921 722 2978 militibus
736 2920 856 2981 utemini
868 2940 875 2990 ;
907 2932 936 2978 et
949 2921 1034 2978 nobis
1045 2921 1132 2978 etism

167 2999 415 3077 “promptioribus
427 3017 478 3074 pro
500 2981 601 3073 petilia,
625 2997 700 3072 qudd
724 2999 866 3056 beneficio
886 3010 979 3058 vestro
992 2999 1132 3075 redempti

168 3083 280 3153 “atque
301 3079 331 3138 in
352 3078 476 3152 patriam,
490 3077 611 3134 restituti
633 3077 778 3135 fuerimus.
820 3077 973 3136 Delectum
996 3077 1132 3136 exomni

168 3159 278 3213 “etate
292 3167 321 3212 et
335 3156 449 3214 fortunis
463 3156 592 3214 hebetis:
625 3167 691 3214 octo
714 3156 803 3213 millia
823 3173 966 3214 servorum
991 3158 1077 3214 audio
1090 3171 1166 3214 tar-ee

168 3234 285 3292 “merit
306 3253 364 3290 non
379 3235 470 3292 minor
484 3253 620 3292 numerus
643 3245 739 3300 noster
763 3245 816 3302 est,
839 3254 894 3292 neo
911 3235 1024 3312 ,majore
1043 3236 1133 3311 pretio

168 3312 298 3370 “redimi
313 3329 471 3385 possumus,
485 3312 569 3386 quim
581 3313 610 3370 hi
624 3324 774 3370 emuntur:
802 3332 867 3369 nam
883 3313 907 3370 ei
921 3314 1066 3372 conferam
1081 3333 1134 3372 noe

169 3394 188 3429 “
200 3409 266 3448 cum
282 3390 347 3457 illis,
362 3389 493 3464 injuriam
507 3391 616 3448 nomini
640 3392 774 3458 Romano
795 3391 907 3448 faciam.
950 3392 1025 3450 Illud
1046 3393 1133 3450 etiam

169 3471 189 3506 “
198 3469 228 3526 in
248 3468 297 3524 tali
318 3468 438 3524 consilio
458 3469 741 3526 animadvertendum
762 3469 842 3527 vobis
865 3489 1011 3538 censeam,
1034 3472 1132 3528 Patres

169 3546 363 3621 “conscripti,
379 3545 416 3622 (si
431 3556 525 3603 temen
540 3547 667 3604 duriores
677 3567 739 3606 esse
751 3547 852 3614 velitis,
861 3550 936 3623 quod
947 3549 1026 3606 trullo
1037 3561 1132 3607 nostro
1141 3564 1167 3604 to

170 3625 298 3682 “merito
313 3624 435 3698 faciatis)
451 3624 499 3680 cui
514 3643 565 3682 uos
576 3625 649 3682 hosti
671 3626 797 3684 relicturi
811 3626 881 3684 sitis.
923 3627 1032 3702 Pyrrhe
1055 3629 1134 3685 vide·

170 3703 275 3774 “licet
288 3701 335 3776 qui
353 3701 431 3780 [nos]
448 3703 589 3776 hospitum
604 3722 724 3762 numero
737 3705 837 3762 habuit
855 3706 992 3780 captivos,
1018 3726 1054 3763 en
1070 3708 1133 3763 ber·

169 3784 190 3818 ‘⁶
199 3781 268 3838 baro'
279 3799 314 3838 ac
329 3780 428 3848 Pmuo,
443 3779 492 3855 qui
505 3778 600 3838 unum
614 3781 722 3838 avarior
746 3801 783 3840 an
802 3783 943 3842 crudelior
955 3785 1002 3853 sit,
1023 3785 1071 3843 vix
1084 3803 1133 3843 ex·
