2630 4228
518 363 623 413 LIBER
639 364 682 412 Vl.
702 377 764 414 cas.
776 377 857 412 xvrrr.
1104 371 1157 428 141

172 503 233 562 sci
248 503 369 560 crimine
393 503 470 576 belli,
495 505 676 580 captivosque
698 505 901 579 repetentibus,
915 514 947 561 ut
966 505 1026 561 suis
1046 505 1178 578 legibus,

192 583 290 638 ineos
312 583 580 670 animadverterent,
606 584 695 641 tristia
716 601 851 656 respousa
872 583 1000 650 reddita3
1035 583 1159 640 tristiora

192 660 310 726 colonis,
329 661 406 748 quod
435 661 512 716 cites
537 661 662 716 Romani
689 661 786 734 patriae
814 661 1011 734 oppugnandae
1033 661 1158 717 nefanda

192 739 365 794 consiliam
370 750 457 794 ssent
499 738 566 794 Non
582 750 715 812 negatum
733 739 826 810 itaque
841 739 953 794 tantum
969 739 1005 794 de
1020 739 1157 812 eaptivis;

170 817 243 872 ssed
258 816 302 889 (in
317 835 373 889 quo
400 817 436 872 ab
447 816 531 872 suciis
543 827 636 872 tamen
650 819 891 892 temperaverunt)
904 809 1102 872 denuntiatum
1115 836 1158 872 se-

192 896 274 950 nates
302 895 404 963 verbis,
427 894 606 950 facesserent
627 893 746 968 propere
767 911 804 948 ex
831 893 917 965 Urbe,
949 894 985 950 ab
1005 913 1053 949 ore
1075 907 1158 968 atque

192 972 283 1028 oculis
297 973 392 1046 populi
410 972 570 1036 Romani,
559 990 596 1026 ne
620 972 691 1028 nihil
713 991 762 1031 eos
782 939 961 1046 legationis'
951 991 1008 1046 Jus,
1030 984 1157 1040 externe,

194 1069 250 1106 non
266 1050 331 1116 civi,
347 1060 551 1124 comparatum,
565 1059 683 1141 tegeret.

158 1229 183 1245 Ρ
233 1205 349 1262 XVIII.
385 1167 628 1262 Recrudescente
651 1205 798 1262 Manliana
826 1207 976 1279 seditione,
1006 1207 1059 1264 sub
1080 1209 1159 1266 exitu

159 1265 261 1340 &anni
283 1285 398 1340 comitia
425 1285 529 1352 habita,
558 1279 701 1358 orbatique
729 1285 835 1340 tribuni
864 1253 984 1342 militutb
1016 1288 1158 1344 consulari

165 1353 330 1458 ”potestate
345 1382 381 1418 ex
406 1329 538 1419 Patribub
551 1363 613 1418 Ser.
628 1363 780 1419 Cornelius
804 1362 1015 1437 Maluginensis
1033 1364 1158 1432 tertium,

124 1473 129 1478 ·
166 1429 372 1496 PValerrus
387 1441 517 1497 Pontus
510 1451 621 1510 iterum
646 1443 684 1496 M.
699 1439 804 1496 Furius
818 1441 965 1510 Camillus
988 1443 1050 1497 Ser.
1066 1443 1159 1520 Sulpi-

160 1501 256 1590 §cius
271 1519 394 1574 Rufus
388 1531 499 1585 iterum,
527 1518 561 1574 C.
576 1518 706 1592 Papirius
720 1519 850 1607 Crassus,
873 1518 910 1576 T.
923 1487 1064 1578 Qbiutius
1090 1521 1159 1576 Ciu-

165 1607 178 1650 ὁ
194 1610 326 1652 ernustus
340 1598 511 1654 secundum
554 1597 644 1671 Cujus
669 1597 808 1670 principio
833 1597 901 1652 anni
925 1608 955 1652 et
976 1598 1106 1654 Patribus
1130 1609 1159 1655 et

159 1669 267 1748 spleni
283 1676 488 1749 peropportune
502 1675 622 1730 externa
636 1693 691 1748 pax
705 1675 789 1742 data,
816 1675 902 1748 plebi,
917 1675 1003 1748 quod,
1023 1695 1079 1732 non
1094 1695 1159 1732 avo·

194 1765 257 1808 cata
272 1753 384 1808 delectu
389 1772 495 1827 ,spem
505 1753 590 1826 cepit,
599 1754 737 1808 demtum
752 1763 897 1826 potentem
912 1754 1029 1809 baberet
1043 1755 1157 1826 ducem,

195 1831 309 1887 soenoris
323 1800 523 1906 exptignandi;
555 1829 694 1899 Patribus
720 1849 756 1886 ne
770 1850 826 1903 quo
839 1842 959 1888 externo
973 1842 1079 1888 terrore
1094 1851 1158 1887 avo-

194 1920 326 1964 carentur
345 1910 432 1964 animi
448 1909 483 1964 ub
497 1909 632 1964 sanandis
646 1908 810 1973 domesticis
824 1907 915 1964 malis.
956 1909 1056 1982 Igitur,
1071 1929 1158 1982 quum

193 2005 259 2060 pars
274 1999 391 2060 utraque
415 1988 506 2044 uerior
531 1986 674 2059 aliquuutd
699 1997 794 2042 coorta
817 1999 901 2054 esset,
925 1987 954 2042 in
969 1987 1157 2060 propinquum

158 2079 339 2120 accersamen
351 2065 447 2121 aderat
461 2081 489 2120 et
505 2065 640 2120 Manlius.
683 2065 830 2120 Advocatl
845 2064 960 2120 domum
983 2064 1075 2137 plebe,
1091 2083 1157 2121 cum

192 2143 370 2216 principibus
391 2143 582 2198 novandarum
607 2161 702 2198 rerum
725 2142 847 2198 interdiu
870 2153 1011 2215 noctuque
1039 2143 1159 2198 consilia

194 2221 291 2294 agitat,
306 2220 415 2295 plenior
439 2219 582 2294 aliquantd
603 2221 760 2276 animorum
783 2221 953 2292 irarumque,
967 2219 1053 2292 quarn
1074 2232 1159 2276 antea

194 2298 293 2355 fuerat.
348 2299 617 2360 Irama'ecenderat
645 2298 801 2376 ignominia
833 2298 983 2354 recensiri
1005 2297 1100 2354 animo
1121 2300 1157 2356 ad

194 2377 395 2434 contumeliam
418 2377 582 2451 inexperto:
604 2377 718 2451 spiritus
731 2378 825 2443 dabat,
848 2376 921 2450 quiid
946 2395 1001 2432 nec
1016 2395 1101 2432 ausus
1115 2396 1158 2432 es·

160 2466 237 2511 esset
263 2456 337 2512 idem
361 2456 390 2511 in
412 2475 442 2511 se
464 2456 592 2525 dictator,
622 2457 697 2529 quod
719 2457 747 2512 in
770 2456 818 2528 Sp.
842 2454 938 2511 Maelio
967 2455 1158 2511 Cincinnatus

194 2533 333 2593 Quintius
343 2534 471 2600 fecisset3
483 2544 512 2590 et
521 2534 697 2590 vinculorum
706 2533 962 2590 sucrurninvidiam
973 2552 1029 2588 non
1037 2533 1157 2590 dictator

195 2613 278 2667 modo
293 2611 454 2668 abdicando
467 2612 637 2684 dictaturam
653 2612 780 2686 fugisset,
795 2611 844 2667 sed
861 2629 896 2666 ne
911 2621 1027 2666 senatus
1042 2611 1156 2682 quidem

195 2691 334 2745 sustinere
349 2690 495 2764 potuisset.
538 2691 593 2746 His
607 2691 691 2745 simul
706 2689 820 2744 inflatus
830 2689 1084 2760 exacerbatusque,
1097 2687 1156 2761 jam

195 2786 244 2841 per
258 2787 287 2824 se
297 2785 435 2824 accensos
444 2769 582 2824 incitabat
590 2769 679 2842 plebis
690 2767 800 2823 animos
811 2785 817 2822 :
841 2776 858 2802 “
871 2765 1030 2836 Quousque
1040 2767 1155 2822 tandem

161 2855 186 2896 ³⁰
196 2855 214 2881 “
224 2847 390 2921 ignorabitis
405 2847 477 2902 vires
491 2857 606 2915 vestrae,
620 2863 690 2919 quas
702 2856 802 2902 nutura
816 2863 853 2900 ne
867 2843 975 2898 belluas
988 2843 1102 2916 quidem
1118 2844 1158 2918 ig-

196 2933 214 2959 “
224 2943 323 2980 notare
336 2924 444 2980 voluitl
467 2937 614 2980 numerate
629 2925 819 2996 saltem,qu0t
833 2923 886 2996 ipsi
901 2922 972 2991 sitis,
983 2931 1050 2992 quot
1060 2922 1158 2976 adver-

196 3011 214 3037 “
224 3003 312 3059 'sarius
320 3003 456 3058 habeatis.
480 3003 510 3058 Si
522 3001 626 3077 singuli
637 3002 764 3076 singulos
773 3000 932 3075 aggressuri
943 2998 1051 3067 essetis,
1062 3012 1158 3056 tamen

196 3089 215 3116 “
225 3081 317 3136 acrius
331 3081 477 3137 crederem
492 3099 540 3139 vos
554 3101 620 3154 pro
619 3080 756 3148 libertate,
772 3079 856 3152 quum
872 3077 933 3133 illos
945 3095 994 3150 pro
1008 3077 1158 3135 dominati-

196 3167 288 3225 “one,
303 3170 468 3216 certaturos.
509 3158 591 3218 Quot
611 3158 687 3214 enim
703 3156 859 3213 clientes
834 3173 912 3211 circu
926 3155 1051 3244 sipgulos
1066 3155 1158 3213 fuistis

160 3247 186 3286 3⁵
196 3245 214 3272 ‘⁸
224 3235 364 3310 patronos
379 3247 419 3293 tot
433 3256 511 3292 nunc
525 3238 659 3293 adversus
673 3254 761 3290 unum
777 3235 886 3290 bostem
897 3233 983 3290 eritis.
1005 3233 1158 3291 Ostendite

196 3324 214 3350 “
225 3313 307 3370 modd
322 3315 445 3383 bellum;
475 3333 575 3388 pacem
590 3314 740 3370 habebitis.
782 3313 907 3368 Videant
921 3331 969 3368 vos
989 3293 1100 3385 palatos
1122 3314 1157 3370 ad

196 3393 300 3460 “vim;
319 3393 366 3482 jus
380 3393 433 3466 ipsi
447 3393 599 3449 remittent.
643 3391 817 3448 Audendum
832 3401 875 3460 est
888 3389 993 3463 aliquid
1009 3391 1157 3462 universis,

196 3480 214 3506 ‘⁴
225 3481 272 3527 aut
286 3472 382 3526 omnia
391 3471 510 3545 iugulis
518 3469 660 3544 patienda
681 3469 841 3542 Quousque
851 3487 895 3524 me
907 3469 1158 3541 circumspectabi-

197 3558 215 3584 “
225 3549 284 3604 tist
319 3549 382 3624 Ego
393 3549 506 3622 quidem
517 3549 587 3606 nulli
599 3549 719 3604 vestrum
731 3549 833 3604 deero:
856 3565 892 3602 ne
907 3546 1019 3601 sortuna
1033 3565 1097 3603 mea
1111 3549 1159 3602 de·

162 3637 187 3676 ⁴⁰
197 3636 215 3662 ‘¹
225 3627 269 3695 sit,
281 3627 383 3684 videte.
406 3627 471 3702 Ipse
480 3628 583 3684 vindex
596 3638 696 3692 tester,
708 3626 790 3682 ubi
766 3644 855 3682 visum
867 3623 990 3679 inimicis
1001 3636 1052 3688 est,
1064 3625 1158 3680 nullus

197 3715 216 3740 ‘⁸
226 3704 342 3779 repente
358 3705 415 3762 fui:
436 3717 465 3762 et
478 3705 608 3761 vidistis
601 3725 629 3760 ιιι
646 3704 759 3762 vincula
781 3703 848 3758 duci
872 3701 995 3756 universi
1010 3719 1085 3769 eum,
1110 3703 1158 3774 qui

197 3793 241 3839 “a
255 3783 375 3859 singulis
390 3784 468 3840 vobis
483 3783 595 3840 tincula
609 3783 781 3858 depuleram.
822 3779 903 3839 Quid
919 3797 1039 3854 sperem,
1058 3797 1081 3834 si
1074 3778 1159 3854 plus
