2632 4224
133 339 174 400 88
528 341 598 390 'l'l‘l'l
614 341 700 390 ntvtt

134 484 152 516 ‘⁵
163 500 256 558 agros,
270 500 384 558 aquam,
397 482 544 550 terminos,
563 484 691 552 delubra,
714 485 857 552 utensilia,
879 485 986 560 divina,
1000 487 1099 547 huma·

133 562 257 636 “nuque
283 561 390 628 omnia,
415 561 445 618 in
472 581 565 619 meatu
587 563 738 638 populique
766 563 891 620 Romani
912 566 1098 625 ditioneml'’

133 637 333 696 “Dedimus'’
374 639 447 697 “At
472 659 527 716 ego
553 641 708 716 recipio.”⁴
732 641 813 700 Bello
834 643 942 700 Sabino
962 646 1097 719 perlecto,

89 723 93 766 ἰ
132 715 308 792 Tarquinius
322 717 501 794 triumphans
522 719 647 777 Romam
660 719 761 778 rediit:
793 721 860 778 inde
874 723 974 796 priscis
987 722 1098 780 Latinis

133 793 238 852 bellum
261 796 345 854 feeit:
380 798 429 854 ubi
443 817 582 872 nusquam
602 799 638 854 ad
662 799 810 864 universae,
823 800 864 856 rei
885 801 1098 859 dimicationem
1119 826 1132 865 s

132 885 248 931 ventum
262 886 316 948 est,
330 876 366 932 ad
390 876 505 951 singula
524 876 629 952 oppida
651 876 882 934 circumferendo
903 898 991 951 arms,
1012 900 1099 938 omne

132 971 238 1010 nomen
260 953 395 1011 Latinum
416 955 535 1012 domuit
578 955 774 1025 Corniculum,
796 955 917 1014 Ficulea
937 969 1027 1028 vetus,
1044 959 1099 1016 Ca·

131 1032 231 1104 meria,
245 1032 485 1100 Crustumerium,
500 1033 656 1101 Ameriola,
672 1033 820 1101 Medullia,
835 1034 1021 1107 Nomentum,
1036 1038 1098 1095 haec

131 1110 168 1166 de
189 1110 290 1185 priscis
304 1110 424 1183 Latinis,
438 1123 487 1168 aut
499 1112 547 1186 qui
562 1113 597 1169 ad
620 1111 738 1169 Latinos
759 1112 931 1182 defecerant,
954 1123 1037 1190 capta
1050 1136 1099 1192 op·

132 1188 208 1263 pida.
262 1187 322 1245 Pax
342 1189 447 1246 deinde
467 1201 511 1248 est
532 1191 616 1248 sacta.
671 1189 781 1266 Majore
809 1191 877 1248 inde
904 1193 1000 1250 animo
1020 1195 1099 1269 pacis
1109 1216 1133 1256 ro

130 1285 218 1342 opera
230 1267 374 1335 inchoata,
386 1267 475 1346 qudm
496 1270 604 1344 quanta
617 1269 691 1326 mole
711 1280 839 1344 gesserat
861 1269 953 1338 bella3
988 1283 1020 1327 ut
1040 1292 1097 1330 non

131 1343 251 1419 quietior
271 1346 392 1420 populus
418 1347 495 1404 domi
523 1360 609 1412 esset,
637 1347 722 1421 quim
748 1347 857 1403 militiae
879 1343 997 1404 luisset:
1031 1369 1098 1406 nam

130 1435 160 1480 et
174 1442 255 1480 muro
267 1423 389 1498 lapideo,
411 1425 494 1500 cujus
514 1426 661 1483 exordium
681 1425 775 1499 operis
796 1425 905 1482 Sabino
918 1426 992 1484 bello
1005 1429 1100 1484 turba·

131 1511 277 1568 tumeret,
292 1503 402 1574 urbem,
422 1503 620 1577 quinondum
641 1504 795 1575 munierat,
809 1503 926 1579 cingere
939 1517 1038 1578 parat;
1069 1517 1098 1562 et
1198 1533 1202 1546 ·

130 1579 230 1637 infima
243 1579 322 1636 urbis
342 1580 405 1638 loca
425 1581 503 1639 circa
525 1582 624 1652 lorum,
649 1581 775 1655 aliosque
794 1581 957 1657 interjectas
977 1584 1132 1644 collibusts

131 1658 283 1728 convalles,
300 1657 380 1732 (quia
392 1679 428 1716 ex
441 1659 534 1734 planis
547 1661 618 1718 locis
633 1660 708 1717 haud
723 1659 808 1716 facile
822 1661 981 1717 evehebant
996 1664 1096 1740 aquas)

130 1737 238 1794 cloacis
259 1755 276 1792 e
299 1736 411 1812 fastigio
436 1738 464 1794 in
490 1739 622 1796 Tiberim
643 1737 738 1795 ductis
759 1737 865 1807 siccat;
894 1749 923 1795 et
945 1757 1040 1796 aream
1062 1743 1098 1796 ad

131 1817 222 1872 aedem
245 1816 274 1872 in
299 1815 441 1890 Capitolio
464 1817 553 1884 Jovis,
567 1837 652 1892 quam
673 1827 786 1873 voverat
806 1817 880 1874 bello
901 1818 1019 1885 Sabino,
1038 1818 1097 1894 jam

130 1895 318 1970 praesagiente
339 1895 436 1954 animo
449 1895 573 1953 futuram
586 1896 653 1954 olim
668 1895 884 1970 amplitudinem
895 1895 962 1968 loci,
975 1907 1099 1972 occupat

131 1973 334 2033 fundamentis.
1106 1995 1133 2034 ω

171 2131 320 2190 XXXIX.
350 2132 394 2190 Eo
407 2143 534 2208 ternpore
546 2133 575 2190 in
589 2132 670 2208 regii
690 2131 851 2208 prodigium
864 2131 924 2192 visu
939 2141 1098 2206 eventuque

131 2210 261 2268 mirabile
282 2210 343 2268 fuit
386 2211 478 2268 Puero
499 2212 661 2282 dormienti,
687 2211 736 2267 cui
760 2210 860 2267 Servio
880 2209 980 2266 Tullio
993 2229 1098 2267 nomen

131 2287 194 2354 fuit,
219 2299 306 2364 caput
327 2289 428 2344 arsisse
444 2289 539 2346 lerunt
552 2289 704 2346 multorum
719 2289 749 2344 in
770 2299 944 2362 conspectu:
978 2288 1100 2361 plurimo

131 2367 218 2443 igitur
231 2367 356 2423 clamore
370 2366 437 2422 inde
458 2367 493 2422 ad
514 2377 600 2424 tantae
621 2367 661 2424 rei
676 2366 845 2422 miraculum
859 2375 921 2420 orto
934 2366 1043 2420 excitos
1057 2384 1100 2421 re·

91 2505 94 2510 ,
131 2463 202 2520 ges:
223 2455 252 2501 et
265 2463 352 2518 quum
366 2444 482 2518 quidam
494 2445 677 2502 familiarium
692 2463 793 2518 aquarn
813 2443 848 2498 ad
862 2443 1097 2516 restinguendum
1107 2465 1136 2520 m

68 2511 92 2538 ⁰
132 2524 228 2596 ferret,
249 2523 286 2579 ab
306 2522 407 2598 regina
427 2534 589 2580 retentum:
610 2524 763 2596 sedatoque
778 2539 840 2578 earn
856 2520 978 2576 tumultu
993 2521 1099 2577 moveri

132 2603 255 2659 vetuisse
275 2620 406 2677 puerum,
421 2601 514 2658 donec
535 2602 588 2658 sud
602 2612 702 2676 sponte
715 2611 898 2674 experrectus
911 2615 1002 2654 esset:
1034 2617 1100 2655 mox

132 2699 199 2738 cum
214 2699 314 2738 somno
327 2691 356 2737 et
370 2679 513 2736 flammam
528 2680 640 2736 abiisse.
682 2679 759 2735 Tum
775 2679 899 2734 abducto
913 2677 942 2732 in
957 2687 1099 2733 secretum
1128 2685 1131 2688 '

132 2760 193 2817 viro
206 2759 360 2834 Tanaquil,
381 2759 524 2816 “Vide’n’
549 2769 579 2814 tu
601 2776 720 2832 puemm
741 2757 846 2824 lrunc,'’
862 2755 964 2828 inquit,
984 2759 1002 2788 “
1015 2774 1098 2828 quem

132 2841 152 2874 “
165 2849 222 2896 tarn
237 2838 337 2895 humili
346 2838 424 2896 cultu
435 2838 594 2895 educamus
605 2838 617 2892 l
639 2837 721 2892 Scire
732 2835 808 2905 licet,
820 2835 898 2890 huuc
908 2833 1003 2889 lumen
1012 2853 1101 2908 quon·
1109 2853 1135 2892 ao

134 2918 230 2974 “'dam
252 2917 337 2974 rebus
356 2967 366 2992 ÷
393 2917 471 2974 'atris
496 2915 591 2972 dubiis
612 2915 750 2980 futurum,
772 2913 991 2988 praesidiumque
1013 2913 1099 2988 regiae

58 3063 63 3072 ⁸
133 2996 286 3053 “afflictae.
330 2989 377 3062 P*
437 2994 613 3052 emeteriem
636 2991 762 3068 ingentis
785 2989 901 3066 publice
916 2989 1101 3065 privatimque

133 3075 276 3132 “decoris
288 3072 561 3148 omnirndulgeutid
574 3072 670 3129 nostrai
679 3069 865 3128 nutriamus.’'
900 3067 973 3124 lnde
982 3088 1101 3144 puerum

132 3154 253 3224 Iiberrim
274 3153 339 3210 loco
358 3163 484 3227 coeptum
505 3151 614 3222 haberi,
635 3148 797 3223 erudirique
812 3147 928 3212 artibus
943 3147 1046 3220 quibus
1060 3149 1103 3204 in-

134 3231 270 3310 genialrd
285 3249 396 3306 magne
421 3231 542 3288 sortunae
555 3230 664 3286 cultum
676 3227 846 3285 excitantur.
888 3225 993 3282 Evenit
1007 3225 1102 3302 facile,
1112 3247 1138 3288 as

134 3295 289 3387 quod⁴Diis
310 3309 389 3366 cordi
408 3320 491 3366 esset.
534 3307 655 3364 Juvenis
675 3306 764 3364 evasit
788 3303 854 3365 vere
875 3303 979 3360 indolis
999 3307 1102 3382 regiae:

135 3409 202 3457 nec,
216 3407 302 3464 quum
318 3399 491 3462 quereretur
503 3405 593 3463 gener
607 3385 776 3461 Tarquinio,
798 3385 947 3460 quisquam
962 3383 1103 3440 Romane

130 3468 292 3546 iuuentutis
305 3467 363 3526 ullti
377 3477 436 3524 arte
460 3465 584 3524 conferri
604 3465 712 3540 potuitr
743 3464 886 3536 filiamque
910 3460 937 3515 ei
956 3479 1036 3517 suam
1051 3481 1103 3518 rex

108 3547 297 3622 ·'despondit.
343 3545 421 3613 Hic,
444 3547 625 3620 qudcumque
651 3544 687 3600 de
714 3544 812 3611 causa,
834 3550 930 3598 tantus
951 3537 990 3594 illi
1013 3539 1103 3596 honos

137 3627 262 3692 habitus,
290 3626 408 3683 credere
433 3625 574 3700 prohibet,
601 3622 684 3680 servtl'
707 3633 805 3678 natum
827 3639 903 3683 eum,
930 3633 1139 3704 parvumqueto

138 3705 231 3782 ipsum
245 3705 375 3762 servisse.
416 3704 523 3762 Eorum
538 3702 629 3778 magis
643 3699 791 3758 sententie
806 3717 878 3769 sum,
892 3713 951 3771 qur,
965 3696 1106 3754 Cornicu-

138 3783 167 3846 io
179 3795 273 3861 capto,
288 3784 380 3842 Servii
393 3783 495 3853 Tullii,
509 3783 558 3860 qui
571 3782 706 3858 princeps
726 3778 756 3835 in
776 3778 824 3834 illd
844 3777 914 3833 urbe
929 3772 1029 3851 suerat,
1045 3796 1107 3852 gra·
1163 3841 1183 3856 d
