2630 4228
169 327 225 388 iso
379 355 381 358 .
559 321 627 370 nm
644 321 725 370 tivu

166 471 249 522 “nec
263 483 331 522 cum
345 463 532 528 Samnitibus,
546 481 612 518 oum
626 461 729 535 quibus
740 461 810 518 nihil
820 460 929 536 egistis.
951 462 1133 524 Samnitibus

166 548 344 616 “sponsores
365 561 418 598 nos
438 560 546 610 sumus,
560 539 600 596 rei
622 539 690 596 satis
717 539 880 612 locupletes.
936 539 971 596 ln
992 541 1033 610 id,
1054 544 1131 615 quod

166 625 184 656 “
194 633 321 676 nostrum
331 631 395 688 θεῖς
417 619 446 676 in
463 619 499 684 id,
511 617 583 691 quud
594 629 725 691 prestare
734 635 892 690 possumus,
901 635 1021 689 corpora
1035 633 1131 676 nostra

167 703 184 734 ‘⁴
193 712 222 754 et
236 697 347 754 atiimos
359 717 368 764 ς
382 697 410 752 io
422 697 483 754 haec
494 695 630 760 sevisum
645 693 673 750 in
687 693 872 758 boemicum,
883 694 911 750 in
925 695 986 750 hac
996 695 1051 752 iras
1060 715 1131 752 acu·

166 779 252 848 “put
281 773 370 834 Quod
380 775 414 830 ad
427 771 555 830 tribunos
563 772 672 838 attinet,
683 771 835 840 consulite,
845 770 935 826 utnim
945 774 1130 844 praeseusde·
1151 790 1165 829 s

165 851 264 908 “ditio
278 871 376 928 eorum
391 851 452 908 fimi
466 850 562 926 possit,
578 868 614 905 an
626 849 654 905 in
668 849 745 904 diem
756 848 910 906 differatur,
933 849 994 910 Nos
1005 849 1129 922 interim,

166 928 231 986 “T.
250 929 357 997 Veturi,
373 948 476 1001 vosque
491 927 595 994 caeteri,
612 927 677 982 vilia
691 927 753 982 hec
769 925 864 999 capita
877 925 989 982 lueodae
1003 929 1130 1001 sponsio-

166 1013 184 1042 “
193 1007 239 1064 nis
253 1007 384 1074 seramus,
399 1019 428 1065 et
442 1018 536 1062 nostro
550 1003 688 1079 supplicio
705 1003 859 1060 liberemus
873 1002 1007 1060 Romana
1021 1005 1129 1062 asma.”

205 1162 243 1220 Χ.
267 1161 356 1220 Movit
370 1162 468 1220 Patres
482 1160 657 1234 conscriptos
670 1170 734 1216 tum·
750 1178 847 1230 causa,
860 1170 921 1215 tum
933 1171 1033 1216 auctor
1045 1180 1052 1228 ;
1073 1179 1129 1218 nec

164 1251 285 1311 caeteros
299 1239 401 1305 solum,
416 1241 466 1296 sed
482 1241 609 1296 tribunos
632 1239 717 1294 otiam
742 1237 845 1310 plebei,
867 1248 897 1294 ut
919 1255 949 1294 sc
971 1237 1000 1298 in
1015 1241 1165 1296 senatdsm

164 1318 295 1374 dicerent
310 1317 368 1374 sore
383 1329 527 1390 potestate.
572 1316 740 1390 Magistratu
755 1315 821 1370 inde
845 1333 876 1370 se
894 1315 1036 1388 extempio
1050 1315 1130 1372 abdi·

165 1406 310 1462 cauerunt,
325 1395 474 1467 traditique
490 1393 637 1450 socialibus
652 1411 717 1448 cum
739 1391 851 1447 caeteris
864 1391 1006 1459 Caudium
1022 1392 1130 1448 ducun-

164 1473 202 1528 di.
246 1472 310 1528 Hoc
320 1472 394 1528 facto
405 1471 671 1540 senatus-consulto,
682 1469 729 1526 lux
742 1469 870 1542 quodam
883 1469 1021 1524 affulsisse
1033 1470 1130 1525 civita·

164 1551 184 1604 u·
201 1550 259 1606 visa
272 1561 324 1604 est.
367 1549 527 1607 Postumius
541 1550 570 1604 in
584 1567 632 1606 ore
646 1558 724 1614 erat3
749 1564 819 1604 eum
829 1545 962 1602 laudibus
976 1547 1012 1602 ad
1024 1547 1126 1604 omium

166 1625 312 1682 ferebant:
333 1626 475 1706 dovotioni
491 1625 521 1681 P.
537 1625 620 1684 Decii
636 1623 940 1688 consuscitatus
955 1624 1163 1680 facinoribusis

164 1703 322 1774 aequebant.
365 1711 384 1738 “
393 1703 550 1760 Emeruisse
563 1703 708 1760 ciuitatem
722 1701 889 1758 exobnoxiti
898 1719 968 1774 pace
977 1701 1052 1756 iilius
1060 1721 1128 1758 con-

164 1786 182 1814 “
192 1779 255 1836 silio
268 1797 299 1836 et
310 1784 415 1854 oper-i:
438 1781 528 1854 ipstun
543 1799 573 1836 se
588 1779 762 1846 crucia-tibus
779 1791 807 1836 et
820 1779 942 1834 hostium
958 1779 1126 1844 incenderis,

164 1857 359 1932 “piaculaque
372 1877 423 1932 pro
437 1859 539 1932 populo
554 1857 686 1919 Romano
700 1857 797 1912 dare.''
832 1856 922 1912 Arma
935 1857 1033 1912 cuncti
1048 1875 1128 1930 spisc-

164 1944 224 1992 uni
239 1948 269 1990 et
282 1935 397 1992 beilum·-
438 1943 458 1971 ‘⁸
471 1935 515 1992 En
532 1954 654 2008 unquam
677 1933 811 2000 futurum,
834 1945 865 1989 ut
878 1933 1014 2006 congiedi
1039 1951 1128 1988 cima-

165 2018 183 2047 ‘*
193 2013 229 2068 tis
243 2031 309 2068 cum
324 2013 453 2072 Saunnite
468 2011 572 2068 licenti
583 2013 600 2038 ’'
642 2011 676 2068 In
691 2011 805 2066 civitate
820 2010 859 2065 iri
883 2011 1004 2083 odioque
1029 2011 1163 2066 andeis-m

164 2100 201 2158 te,
213 2090 341 2148 delectus
355 2089 439 2164 prope*
453 2089 580 2146 omnium
596 2087 816 2145 voluntariorum
830 2086 901 2144 suitt
935 2088 1078 2162 rescripte
1092 2105 1128 2144 ex

163 2168 266 2224 eodem
281 2167 369 2224 milite
383 2186 463 2224 noum
487 2167 624 2241 legiones,
649 2166 808 2237 ductusque
830 2165 866 2220 ad
891 2163 1033 2222 Caudium
1048 2185 1128 2222 esor-

164 2244 246 2300 citus.
291 2245 441 2318 Pinguessi
456 2243 580 2310 feciales,
597 2243 644 2298 ubi
658 2243 692 2300 ad
706 2255 815 2314 portam
831 2246 946 2308 venere,
962 2256 1067 2299 vestem
1078 2243 1128 2301 de·

165 2321 236 2378 trahi
250 2321 330 2393 pacis
343 2320 524 2394 sponsoribus
542 2321 653 2394 jubeat,
679 2337 781 2379 manus
802 2329 864 2392 post
884 2333 994 2395 tergum
1017 2320 1126 2376 vinciri.

163 2397 263 2458 Quum
279 2397 418 2470 appariton
433 2397 606 2454 verecundis
621 2397 774 2472 umisstatis
796 2395 972 2456 Postumium
986 2396 1050 2454 laxe
1068 2397 1164 2454 uin-as

166 2475 247 2538 ciret,
271 2485 288 2510 ‘'-
299 2473 383 2534 Quin
397 2474 458 2543 tu,'’
471 2473 568 2553 iuquit,
591 2474 738 2533 “adducis
752 2474 851 2542 iorum
873 2486 905 2538 ut
922 2475 999 2550 justa
1012 2475 1060 2530 fiat
1079 2476 1129 2530 ds-

165 2551 313 2608 “ditium
356 2551 444 2623 Tum,
470 2551 517 2608 ubi
540 2552 568 2608 iu
593 2563 699 2610 costum
726 2551 897 2608 Samnitium
911 2565 940 2608 et
954 2553 989 2608 ad
1004 2552 1127 2628 tribunal

166 2642 281 2688 ventum
305 2630 398 2688 Pomii
425 2627 528 2700 est,'A.
551 2629 705 2688 Cornelius
730 2629 839 2686 Arvina
860 2629 1022 2686 fecialisita
1043 2629 1128 2686 verba

165 2707 252 2766 fecit:
283 2708 492 2781 “Quandoque
518 2708 583 2764 hice
605 2709 735 2766 homines
758 2707 869 2781 injussu
889 2707 985 2782 popuii
1002 2707 1127 2766 Romani

166 2786 350 2846 “Quiritium
376 2787 467 2844 smdus
492 2786 579 2842 ictum
604 2785 637 2841 iri
658 2785 880 2859 spoponderunt,
903 2797 986 2858 atque
1007 2785 1043 2842 ob
1063 2797 1163 2842 eamau

166 2869 185 2899 ‘⁸
195 2883 254 2920 rem
270 2881 370 2920 noxam
385 2874 565 2926 nocuerunt:
599 2864 712 2919 obeam
733 2880 804 2926 tem,
818 2861 874 2935 qud
889 2863 1008 2936 populus
1022 2863 1129 2920 Roma-

118 2973 122 2980 -
166 2947 185 2978 ‘⁸
195 2961 249 2998 nus
269 2942 377 2998 sceiere
392 2941 477 3014 impio
501 2941 537 2996 sit
551 2941 668 3006 solutus,
684 2941 769 2996 hosce
788 2940 918 2996 homines
931 2941 1010 2998 vobis
1024 2941 1128 2998 dedo.”

166 3019 239 3076 Haec
250 3019 359 3078 dicenti
375 3018 469 3076 feciaii
483 3017 644 3074 Postumius
667 3037 743 3093 genu
768 3017 869 3089 femur,
883 3019 989 3092 quantit
1003 3016 1128 3076 maxims

165 3107 275 3169 poterat
290 3098 324 3160 ui,
339 3097 470 3171 perculit,
493 3107 521 3152 et
535 3095 610 3152 clari
628 3115 696 3152 voce
711 3095 758 3166 ait,
780 3101 839 3154 “se
862 3097 1020 3161 Samnitem
1035 3096 1127 3162 civem

166 3177 266 3238 ‘⁴csse,
283 3175 361 3230 ilium
377 3175 518 3249 legatum
541 3173 671 3232 socialem
686 3193 702 3230 a
716 3192 747 3230 se
761 3185 860 3230 contus
869 3173 916 3250 jus
928 3175 1058 3250 gentium
1073 3177 1164 3232 vio-³⁵

165 3250 271 3320 latum;
290 3250 327 3307 cd
338 3251 442 3326 justius
457 3253 560 3310 bellum
574 3251 731 3328 gestusos.’'
793 3315 795 3320 ,

205 3406 261 3464 ΧΙ.
283 3407 361 3464 Tum
385 3407 512 3480 Pontius,
534 3411 542 3442 ‘
565 3408 630 3466 Nec
644 3427 699 3486 ego
722 3409 803 3468 istam
824 3410 999 3468 deditionem
1024 3411 1130 3486 accipi-

165 3485 270 3556 “am‚”
284 3486 386 3560 inquit,
407 3492 490 3544 “nec
505 3488 651 3546 Samnites
671 3500 759 3556 ratam
785 3489 939 3546 habebunt.
979 3489 1062 3550 Quin
1087 3501 1128 3560 tu,

165 3567 185 3600 ‘⁶
198 3564 245 3638 Sp.
259 3563 393 3630 Postumi,
408 3565 432 3622 si
461 3565 537 3624 Deos
558 3585 620 3625 esse
643 3585 756 3638 censes,
771 3578 819 3624 aut
832 3569 929 3624 omnia
951 3567 1029 3624 irrita
1048 3567 1129 3638 facis,

165 3647 242 3699 “aut
256 3646 429 3716 pactostasi
472 3646 593 3700 Samniti
609 3646 712 3720 populo
724 3665 832 3708 omnes,
855 3665 925 3718 quos
946 3647 975 3702 in
991 3657 1165 3719 potestatem

165 3727 184 3759 “
193 3721 301 3787 habuit,
316 3732 365 3778 aut
380 3739 429 3796 pro
443 3723 485 3780 eis
499 3742 552 3796 pax
567 3723 694 3780 debetur.
737 3724 794 3794 Sed
808 3724 875 3796 quid
889 3743 944 3800 ego
957 3735 986 3780 te
1007 3723 1128 3798 appeiio‚
