2630 4228
156 327 216 389 ιιι
553 317 623 370 ΤΙΤΙ
640 319 724 372 ttvu

155 479 273 526 externa
293 463 335 521 ris
354 461 474 537 quaesita
493 471 579 528 esset,
603 459 773 536 nequirent:
807 461 885 518 hunc
906 461 1120 519 transeuntibus

155 546 246 620 Alpes
273 543 388 613 ducem,
416 551 618 613 auctoremque
644 539 774 596 Clusium
803 539 988 614 oppugnandi
1022 539 1119 597 scisse.

155 623 297 697 thritlem
319 619 395 676 haud
416 617 576 683 abnuerim,
599 617 730 674 Clusium
753 617 852 674 Gallos
872 618 909 674 ab
924 620 1047 690 Arunte
1068 637 1120 675 seu

154 720 211 775 ιιιιο
237 699 293 756 alio
311 697 443 762 Clusino,
470 695 626 752 adductos:
660 696 711 752 sed
738 714 797 767 eos,
826 696 873 784 qui
894 664 1121 785 oppugnarierint

156 778 298 848 Clusium,
312 794 369 833 non
385 774 480 844 fuisse,
494 773 643 847 quiprimi
663 773 753 848 Alpes
777 775 949 844 transierint,
971 773 1120 830 satiscon-
1140 784 1154 823 ι

155 868 227 913 stat:
262 823 395 910 dricentis
414 851 703 926 qnippeaunisante,
724 852 809 926 quim
824 818 954 908 Clusium
974 871 1121 927 oppugna·

156 945 231 999 rent,
246 933 402 1006 urbemque
417 931 540 986 Romam
556 941 701 1022 caperent,
717 930 745 986 in
762 929 873 987 ltaliam
885 930 960 986 Galli
974 941 1121 987 transcen·

156 1013 277 1093 demut:
299 1029 355 1066 nec
368 1027 435 1065 cum
457 1007 501 1064 his
521 1007 643 1082 primilm
665 1007 863 1080 Etruscorum,
884 1009 934 1064 sed
948 1007 1038 1066 multo
1052 1010 1120 1065 ante

156 1109 223 1146 cum
246 1090 289 1160 iis,
310 1087 358 1161 qui
382 1087 456 1142 inter
478 1085 665 1160 Apenninum
691 1086 834 1161 Alpesque
855 1053 1030 1158 incolebant,
1047 1105 1121 1161 saepe

155 1168 299 1224 exercitus
319 1165 423 1222 Gallici
446 1166 619 1238 pugnavere.
674 1163 846 1236 Tuscorum,
869 1175 935 1221 ante
956 1165 1121 1222 Romanum
1133 1173 1156 1214 1⁰

157 1245 317 1319 imperium,
342 1241 400 1298 latc
420 1243 496 1299 tent
518 1242 644 1315 marique
663 1261 732 1316 opes
752 1210 888 1316 patueie·
919 1243 989 1300 mari
1011 1244 1124 1318 Supero

157 1323 318 1411 inferoque,
340 1321 444 1408 quibus
465 1319 548 1376 Italia
575 1320 676 1378 insulse
705 1320 789 1376 modo
817 1321 952 1396 cingitur,
980 1321 1122 1394 quantum

156 1400 309 1475 potuerint,
324 1398 440 1455 nomina
453 1409 520 1454 sunt
543 1409 729 1473 argument03
759 1395 835 1472 quod
858 1399 976 1455 alterum
991 1398 1123 1456 Tuscum

156 1478 302 1534 communi
325 1475 463 1534 vocabulo
489 1475 593 1550 gentis,
624 1475 744 1532 alterum
774 1476 954 1533 Adriaticum
977 1495 1065 1543 mare,
1087 1477 1123 1532 ab

126 1568 129 1574 ·
158 1555 249 1611 Adriri
264 1554 427 1610 Tuscorum
448 1553 570 1620 colonia,
596 1552 732 1610 vocavere
754 1553 863 1612 Italrcae
876 1565 986 1630 gentes
1027 1555 1122 1612 Graeci
1133 1561 1157 1602 ¹³

157 1633 258 1688 eadem
274 1631 459 1706 Tyrrhenum
474 1645 557 1705 atque
577 1631 756 1688 Adriaticum
773 1643 883 1688 vocant.
925 1633 972 1690 Ii
966 1653 995 1690 ιιι
1019 1644 1124 1726 utrum·

157 1729 213 1800 que
227 1728 305 1768 rrrare
319 1720 469 1783 vergentes
483 1709 629 1766 incoluere
641 1704 759 1766 urbibus
773 1710 914 1767 duodenis
928 1722 1033 1779 terras3
1048 1710 1124 1786 prius

156 1788 201 1846 cis
214 1787 401 1862 Apenninum
416 1787 452 1844 ad
466 1786 594 1844 Inferum
609 1806 697 1858 mare,
719 1797 816 1862 postea
835 1798 913 1846 trans
926 1789 1123 1863 Apenninum,

158 1866 287 1936 totidem,
308 1876 377 1940 quot
400 1865 494 1940 capita
516 1865 636 1941 originis
657 1876 748 1931 erant,
771 1865 892 1922 coloniis
916 1867 1028 1935 missis;
1062 1885 1124 1958 quae

158 1955 237 2002 trans
259 1911 369 2000 Pbdum
389 1943 487 2000 omnia
509 1943 583 2015 loca,
607 1955 729 2018 excepto
747 1943 922 2001 Venetorum
941 1911 1055 2020 angulo,
1077 1945 1159 2019 qnia
1213 1955 1216 1966 ’

158 2023 252 2080 sinum
268 2021 477 2080 circumcolunt
490 2021 586 2088 maris,
601 2039 690 2095 usque
705 2021 740 2078 ad
755 2021 844 2101 Alpes
858 2025 1000 2083 tenuere.
1011 2023 1125 2098 Alpinis

159 2119 271 2175 quoque
284 2119 319 2157 ea
333 2099 467 2175 gentibus
487 2099 562 2156 haud
583 2099 671 2156 dubie
686 2098 766 2174 origo
780 2110 833 2171 cst,
854 2100 981 2158 maxime
998 2101 1124 2170 nterim

158 2199 230 2252 quos
242 2178 327 2236 loca
319 2197 381 2252 rpsa
394 2177 558 2247 effertirunt,
583 2196 620 2234 ne
633 2177 701 2251 quid
718 2195 755 2234 err
768 2178 894 2252 antiquo,
908 2189 1009 2254 praeter
1023 2197 1124 2236 sonum

160 2257 277 2332 lingua,
291 2274 346 2312 nec
360 2274 427 2316 eum
441 2255 648 2329 incorruptum,
662 2255 827 2312 retinerent.

199 2412 346 2470 XXXIV.
376 2411 422 2468 De
435 2411 556 2469 transitu
577 2411 607 2469 in
628 2413 740 2470 ltaliam
760 2413 909 2471 Gallorum
931 2415 993 2471 hrec
1014 2413 1126 2490 accepi·
1114 2423 1160 2464 -ffi

159 2511 232 2548 mus.
276 2491 374 2548 Prisco
397 2489 556 2578 Tarquinio
580 2491 683 2548 Romae
710 2504 858 2567 regnante,
881 2493 1026 2550 Celtarum
1050 2491 1126 2568 (quta

159 2589 225 2659 pars
239 2568 339 2626 Galliac
353 2567 507 2647 tertiaeet)
528 2587 617 2650 penes
639 2569 783 2659 Bituriges
797 2589 908 2627 summa
921 2571 1031 2645 imperii
1054 2571 1125 2627 luit:

160 2648 180 2706 ii
194 2666 292 2724 regem
306 2645 419 2704 Celtico
432 2647 548 2704 dabant.
577 2645 777 2723 Ambigatus
769 2667 794 2705 rs
808 2648 870 2714 suit,
886 2649 987 2706 virtute
1002 2648 1126 2705 fortuna·

158 2745 215 2800 quc
229 2745 315 2800 quum
331 2725 392 2794 sud,
407 2735 466 2782 tum
481 2725 607 2800 publicti,
632 2726 809 2800 praepollens,
824 2727 929 2800 qudd'
922 2727 1046 2802 rmperio
1064 2726 1126 2801 ejus

159 2802 339 2862 Galliaaded
353 2770 475 2892 srirgum
499 2803 704 2878 hominumque
728 2804 827 2860 fertilis
848 2803 910 2871 suit,
925 2817 956 2861 ut
977 2805 1160 2862 abundasset

160 2883 312 2940 multitudo
333 2881 380 2937 vix
400 2881 461 2956 regi
482 2881 624 2939 videretur
637 2901 729 2956 posse
772 2882 831 2939 Hic
855 2901 959 2957 magno
982 2894 1051 2939 natu
1067 2883 1125 2957 ipse

157 2962 227 3037 jam,
249 2977 402 3018 exonerare
417 2971 612 3049 praegrnvapte
626 2961 710 3017 turba
721 2978 840 3050 regnum
855 2961 984 3050 cupiens,
1000 2960 1127 3018 Bellove-

161 3059 224 3096 sum
240 3059 275 3096 ac
289 3038 468 3114 Sigovesum,
491 3037 594 3094 sororis
615 3037 729 3111 filios,'
722 3038 857 3128 impigros
874 3039 1003 3114 juvenes,
1026 3038 1127 3094 missu·

158 3135 222 3174 rum
244 3135 275 3173 se
296 3135 368 3188 esse,
391 3117 504 3190 inques
523 3115 571 3173 Dii
586 3116 732 3174 dedissent
745 3116 872 3192 auguriis
886 3117 978 3184 sedes,
992 3116 1125 3174 ostendit

158 3193 334 3256 Quantum
326 3213 380 3267 rpsr
372 3193 499 3252 vellent
520 3213 671 3252 numerum
696 3194 853 3263 hominnm,
867 3195 1007 3265 excirent,
1022 3213 1059 3251 ne
1072 3204 1161 3268 quala

161 3291 233 3348 gens
256 3289 353 3329 arcere
375 3272 560 3330 advenientes
586 3284 690 3348 posset.
744 3271 823 3330 Τιιιιι
849 3273 986 3348 Sigoveso
1006 3273 1128 3330 sortibus

161 3351 220 3407 dati
235 3349 375 3425 Hercynii
388 3349 493 3407 saltus:
534 3351 682 3408 Belloveso
693 3351 769 3408 haud
783 3350 868 3426 paulo
879 3351 1014 3407 laetiorem
1028 3351 1057 3407 in
1072 3350 1129 3406 Ita·

161 3429 228 3486 liam
243 3429 316 3486 viam
332 3427 381 3484 Dii
395 3428 511 3486 dabant.
552 3429 592 3500 Is,
606 3429 680 3504 quod
695 3430 758 3504 ejus
771 3447 807 3485 ex
828 3429 940 3504 populis
954 3429 1127 3499 abundabat,

162 3507 317 3584 Bituriges,
332 3507 487 3574 Arvernos,
503 3508 642 3577 Senones,
659 3508 778 3577 AEduos,
794 3507 958 3574 Ambarros,
974 3507 1126 3572 Carnutes,

161 3585 312 3656 Aulercos,
326 3585 441 3642 excivit.
484 3585 631 3642 Profectus
653 3585 818 3660 ingentibus
839 3585 967 3660 peditum
988 3585 1162 3658 equitum-⁴⁰

161 3683 217 3737 que
232 3664 331 3740 copiis,
346 3663 376 3720 in
391 3663 571 3720 Tricastinos
581 3663 667 3719 venit
711 3663 800 3737 Alpes
811 3663 877 3719 inde
888 3663 1127 3738 oppositrccrant3

161 3761 233 3818 quas
246 3741 488 3817 inexsuperabiles
501 3742 575 3798 visas
595 3741 672 3798 haud
693 3741 826 3815 equidem
848 3741 944 3812 miror,
967 3740 1046 3798 nulld
1059 3741 1128 3796 dum
