2620 4220
445 356 550 408 LIBER
565 357 674 408 xxvu.
697 373 758 410 cue.
776 372 814 407 ur.
1078 358 1135 420 231

174 501 306 559 nuntium
316 500 500 576 impertirent.
522 502 656 574 Senatus,
664 500 739 577 qnod
751 501 792 558 M.
804 499 902 558 Livius
912 509 941 558 et
950 499 984 557 C.
996 499 1136 558 Claudius

173 579 315 648 consules,
343 579 479 638 incolumi
501 582 638 654 exercitu,
668 581 773 640 ducem
803 579 925 642 hostium
953 578 1136 654 legionesque

172 659 356 731 occidissent,
390 658 625 734 supplicationem
660 659 688 716 in
724 659 849 716 triduum
882 657 1029 725 decrevit3
1070 675 1136 714 eam

173 737 408 811 supplicationem
435 737 469 794 C.
493 737 633 794 Hostilius
659 747 760 812 praetor
788 755 838 812 pro
865 735 1006 794 concione
1025 735 1115 792 edixit
1128 755 1136 805 ;
1211 801 1213 804 ¹

150 815 370 890 ccelebrataque
392 834 409 872 a
428 815 496 872 viris
516 815 696 890 soeminisque
715 828 767 872 est.
822 815 930 872 Omnia
959 813 1064 888 templa
1085 833 1137 889 per

172 903 262 950 totum
286 893 409 951 triduum
435 894 570 968 aequalem
585 895 696 950 turbam
712 894 860 952 habudre:
894 911 981 968 quum
1002 903 1137 950 matrouae

172 972 345 1048 amplissima
358 983 516 1030 vestanum
531 972 637 1044 liberis,
648 973 767 1048 perinde
781 991 816 1030 ac
830 972 853 1029 si
868 971 1040 1029 debellatum
1056 971 1136 1039 soret,

171 1049 250 1107 omui
264 1051 362 1109 solutae
376 1061 463 1119 metu,
478 1051 549 1110 Deis
573 1051 778 1110 immortalibus
792 1061 887 1127 grates
908 1060 1033 1126 agerent.
1076 1050 1138 1106 Sta·

172 1139 231 1186 tum
245 1149 355 1206 quoque
370 1131 491 1189 civitatis
511 1151 546 1190 ea
567 1129 801 1203 victoria'morit3
833 1140 864 1191 ut
882 1129 940 1205 jam
963 1129 1041 1202 inde,
1061 1127 1137 1186 haud

140 1220 163 1259 ιο
172 1207 353 1283 secusqudm
368 1209 397 1266 in
411 1229 493 1286 pace,
505 1229 550 1267 res
560 1210 634 1268 iuter
643 1231 673 1268 se
682 1213 859 1283 contrahere,
871 1208 1031 1284 vendend0,
1040 1225 1138 1264 emen·

171 1285 219 1354 do,
231 1297 360 1344 mutuum
374 1287 478 1358 dando,
493 1302 643 1365 argeutum
667 1289 807 1348 creditum
821 1290 973 1366 ¹solvendo,
988 1289 1136 1346 auderent.

171 1363 205 1422 C.
221 1364 360 1422 Claudius
374 1368 473 1424 consul
487 1386 574 1442 quum
589 1368 619 1425 in
633 1379 727 1426 castra
735 1369 865 1436 redisset,
877 1379 964 1444 caput
973 1368 1138 1426 Hasdruba-

170 1442 215 1515 lis,
229 1445 304 1518 quod
318 1456 459 1502 servatum
482 1465 548 1504 cum
571 1450 640 1504 curt
655 1447 795 1514 attulerat,
810 1448 910 1524 projici
925 1458 992 1504 ante
1013 1446 1137 1504 hostium

171 1522 511 1600 stationescuptivosque
526 1525 612 1582 Afros
626 1526 745 1594 vinctos,
772 1538 803 1586 ut
815 1537 907 1599 erant,
927 1525 1049 1596 ostendi,
1064 1525 1136 1582 duos
1183 1591 1190 1604 ι

140 1601 256 1658 uetiam
266 1601 346 1659 exiis
356 1602 463 1661 solutos
477 1605 516 1660 ire
525 1604 561 1660 ad
576 1604 781 1678 Hannibalem,
792 1616 821 1663 et
832 1623 1008 1680 expromere,
1016 1623 1079 1678 quae
1091 1621 1138 1661 ac·

170 1689 200 1734 ta
212 1695 318 1752 essent,
331 1677 422 1755 jussit.
466 1683 621 1756 Hannibal,
635 1695 715 1741 tanto
728 1684 812 1741 simul
824 1684 939 1759 publico
950 1683 1137 1758 familiarique

170 1756 246 1814 ictus
270 1757 359 1830 luctu,
389 1769 572 1836 “agnoscere
593 1781 624 1818 se
646 1763 787 1820 fortunam
815 1763 1026 1838 Carthaginis,'’
1049 1761 1137 1818 fertur

171 1835 296 1892 dixisse:
327 1837 483 1914 castrisque
497 1840 564 1896 iude
578 1841 671 1908 motis,
694 1853 725 1898 ut
737 1841 835 1900 omnia
848 1841 963 1908 auxilia,
977 1859 1040 1916 qum
1054 1840 1136 1896 diffu·

171 1932 204 1969 sa
223 1913 309 1972 latitis
335 1916 408 1973 tueri
435 1937 493 1975 nou
514 1919 634 1994 poterat,
658 1920 688 1976 in
709 1930 867 1977 extremum
889 1919 979 1976 Italiae
1000 1918 1137 1994 angulum

136 2005 162 2045 aa
173 1991 296 2049 Bruttios
310 1996 499 2065 contraheret,
514 2008 543 2054 et
558 1997 780 2074 Metapontinos,
798 1998 941 2056 civitatem
964 1997 1136 2066 universam,

171 2071 280 2129 excitos
293 2073 409 2131 sedibus
432 2075 501 2148 suis,
522 2087 552 2133 et
575 2077 759 2136 Lucanorum
782 2077 831 2154 qui
844 2095 903 2136 suae
917 2076 1033 2137 ditionis
1046 2088 1135 2154 erunt,

171 2147 201 2205 iu
216 2147 357 2208 Bruttium
372 2171 471 2230 agrum
486 2155 618 2214 traduxit.
