2630 4228
120 355 124 363 ,
149 341 209 402 ue
544 340 614 392 τιτι
631 341 716 392 urvu
795 347 797 357 ·

115 499 123 518 ·
147 479 178 538 iu
192 479 296 552 medio,
310 499 439 555 campus,
455 481 589 538 herbidus
603 493 789 558 aquosusque,
810 490 862 556 per
882 501 966 556 quern
981 483 1109 542 medium

146 557 200 614 iter
214 567 265 614 est.
308 558 365 616 Sed
381 560 457 631 aute,
470 560 553 634 qualm
569 561 666 616 venias
689 561 725 616 ad
749 579 825 624 eum,
850 557 990 616 intrandae
1010 561 1112 635 primae

146 635 285 709 angustie
300 647 384 704 sunt;
406 649 435 694 et
448 649 497 694 aut
510 638 621 701 eadem,
644 637 701 710 qud
722 649 749 693 te
764 637 962 704 insinuaveris,
977 650 1051 694 retro
1065 640 1110 694 via

146 714 321 786 repetenda3
343 725 401 780 aut,
416 715 439 770 si
454 715 495 770 ire
509 734 590 789 porro
604 733 714 789 pergas,
729 733 779 789 per
800 715 886 770 aliurn
908 716 1011 772 saltum
1025 717 1110 772 arcti-

146 808 223 846 orem
249 791 511 868 impeditioremque
533 793 720 848 evadendum.
763 792 797 848 In
819 811 884 848 eurn
910 812 1042 866 campum
1062 793 1144 849 vids

146 867 201 924 atie
225 886 273 942 per
294 887 393 926 cavam
418 889 516 944 rupem
532 869 666 939 Romani,
690 870 813 926 demisso
827 870 951 944 agmine,
965 888 1051 944 quum
1074 871 1110 926 ad

147 944 217 1002 alias
231 947 377 1022 angustias
390 948 517 1021 protinus
540 958 701 1022 pergerent,
724 959 819 1021 septas
839 949 952 1023 dejectu
967 949 1109 1016 arborum,

146 1041 332 1097 saxorumque
347 1024 505 1099 ingentium
520 1025 698 1100 objacentem
714 1025 816 1082 molem
832 1025 975 1082 invenere.
1008 1026 1110 1086 Quum

147 1099 224 1156 fraus
239 1101 346 1158 hostilis
364 1103 549 1178 apperuisset,
564 1101 725 1177 praesidium
750 1103 835 1159 etiarn
860 1103 890 1160 in
914 1123 1025 1163 summo
1038 1104 1111 1169 saltu

146 1178 331 1251 conspicitur.
373 1179 460 1236 Citati
475 1181 542 1237 inde
563 1193 647 1252 retro,
662 1183 718 1254 quei
738 1192 883 1256 venerant,
898 1194 1020 1257 pergunt
1032 1199 1145 1256 repe-to

146 1265 206 1312 tere
221 1255 312 1312 viam:
343 1277 406 1314 earn
420 1277 531 1332 quoque
545 1259 671 1314 clausam
686 1259 737 1316 sud
750 1259 834 1316 obice
848 1259 989 1333 armisque
1002 1260 1111 1316 inveni-

146 1343 207 1388 unt
251 1333 361 1392 Sistunt
376 1336 442 1392 iude
456 1337 575 1411 gradum
598 1337 659 1393 sine
682 1337 765 1392 ullius
788 1337 925 1411 irnperio:
959 1347 1111 1412 stuporque

146 1411 274 1468 omnium
289 1413 407 1482 animos,
433 1433 467 1470 ac
492 1414 567 1470 velut
588 1425 680 1488 torpor
701 1415 816 1488 quidam
842 1415 971 1471 insolitus
984 1414 1112 1472 meinbra

147 1497 242 1545 tenet:
265 1490 463 1564 intuentesque
478 1491 524 1547 alii
545 1492 614 1548 alios
637 1493 737 1565 (quum
760 1491 877 1548 alterum
902 1493 1020 1566 quisque
1035 1511 1112 1549 com-

147 1578 242 1639 potem
264 1569 354 1644 magis
376 1570 479 1624 mentis
508 1588 543 1625 ac
564 1570 676 1626 consilii
697 1571 849 1648 ducerent)
881 1571 931 1627 diu
952 1571 1111 1628 immobiles
1122 1588 1145 1628 1⁵

146 1642 240 1700 silent,
282 1645 395 1702 Deinde
411 1647 459 1702 ubi
473 1648 603 1721 praetoria
616 1648 765 1704 consulum
786 1649 857 1723 erigi
883 1649 987 1717 videre,
1015 1661 1044 1705 et
1064 1669 1112 1705 ex·

147 1721 245 1794 pedire
258 1725 395 1796 quosdam
410 1725 490 1780 utilia
503 1725 591 1800 operi,
605 1745 775 1800 quamquam
800 1725 923 1782 ludibrio
945 1727 1003 1782 sore
1019 1727 1112 1783 muni·

146 1809 238 1870 entes,
252 1801 369 1875 perditis
383 1803 467 1858 rebus
481 1821 515 1859 ac
530 1822 579 1878 spe
597 1803 676 1860 omni
691 1804 839 1877 adempta,
862 1805 1039 1872 cernebant3
1054 1830 1057 1834 ·
1071 1815 1112 1860 ta·

146 1893 224 1947 men,
240 1897 275 1935 ne
286 1879 398 1954 culpam
414 1881 495 1936 malis
509 1881 656 1951 adderent,
671 1901 720 1956 pro
734 1900 764 1936 se
778 1881 906 1954 quisque,
931 1901 985 1938 nec
1001 1883 1112 1939 hortan-

146 1961 175 2009 te
191 1955 247 2012 ullc
261 1975 316 2016 nec
339 1958 505 2032 imperante,
530 1960 566 2015 ud
586 1959 772 2016 muniendum
787 1959 868 2028 versi,
894 1969 986 2016 castra
999 1972 1147 2034 propterea

147 2049 249 2104 aquarn
265 2035 337 2092 vallo
351 2036 549 2106 circumdant3
573 2056 625 2092 sua
639 2037 692 2110 ipsi
706 2055 792 2110 opera
805 2036 986 2110 laboremque
1001 2039 1111 2094 irritum

149 2106 350 2187 (preterquam
364 2113 440 2188 qudd
455 2115 550 2170 hostes
564 2114 685 2190 superbe
701 2113 903 2190 increpabant)
915 2132 982 2171 cum
997 2115 1112 2171 misera·

146 2185 197 2242 bili
212 2192 391 2248 confessione
404 2192 563 2248 eludentes.
604 2193 653 2248 Ad
677 2191 809 2248 consules
830 2203 955 2258 moestos,
977 2211 1014 2248 ne
1028 2193 1112 2249 advo-

147 2277 247 2322 cantes
260 2269 374 2341 quidem
389 2269 418 2324 in
433 2270 585 2325 consilium
611 2269 738 2344 (quaudo
752 2287 807 2325 nec
831 2269 951 2325 consilio
965 2289 1020 2326 nec
1034 2270 1113 2326 auxi·

146 2340 186 2398 lio
200 2344 280 2402 locus
300 2348 399 2422 esset),
427 2346 479 2401 sud
503 2357 602 2420 sponte
625 2346 711 2421 legati
736 2365 770 2402 ac
794 2347 899 2403 tribuni
914 2348 1088 2404 conveniunt
1102 2363 1147 2405 :as

116 2488 118 2492 ,
147 2420 308 2495 militesque
329 2424 364 2478 ad
387 2424 549 2497 praetorium
571 2424 653 2493 versi,
666 2441 760 2498 opem,
773 2443 859 2498 quam
873 2425 921 2481 vix
936 2425 984 2481 Dii
999 2425 1112 2482 immor·

147 2497 219 2554 tales
232 2498 304 2556 ferre
318 2511 457 2575 poterant,
472 2502 508 2558 ab
519 2502 642 2558 ducibus
655 2512 821 2576 exposcunt
866 2521 881 2550 ι

188 2653 246 2712 111.
266 2655 432 2718 Quarentes
446 2658 547 2734 magis,
562 2659 646 2733 quam
660 2659 865 2730 consultantes,
883 2677 942 2716 nox
955 2659 1112 2734 oppressit:

146 2748 234 2804 quum
259 2754 310 2809 pro
330 2736 447 2811 ingenio
466 2737 584 2810 quisque
612 2737 784 2793 tremerent:
819 2736 891 2792 aliur
916 2740 996 2810 “per
1015 2737 1114 2794 obices

147 2809 331 2882 “viarum''
352 2811 434 2885 alius,
454 2819 534 2888 “per
548 2815 668 2870 adverse
688 2813 837 2880 montium,
864 2833 914 2888 per
937 2815 1030 2884 silvas,
1057 2815 1150 2888 qudo)

147 2888 167 2922 “
177 2887 243 2946 serri
258 2909 336 2947 arma
348 2902 490 2966 poterunt,
514 2910 622 2948 eamus.
664 2890 753 2947 Medd
773 2893 809 2947 ad
834 2893 942 2948 hostem
966 2893 1113 2966 pervenire

148 2964 272 3039 “liceat,
286 2987 370 3042 quern
384 2987 434 3042 per
448 2987 538 3024 annos
548 2969 607 3043 jam
628 2968 715 3042 prope
730 2969 846 3044 triginta
862 2969 1020 3037 vincimus3
1055 2989 1114 3026 orn-

149 3043 225 3101 “nia
240 3063 320 3120 aequa
333 3057 362 3102 et
375 3047 460 3120 plana
477 3056 561 3102 erunt
583 3047 726 3112 Romano,
749 3047 779 3102 in
801 3046 939 3122 perfidum
955 3047 1114 3104 Samnitem
1129 3066 1132 3070 ·

149 3123 361 3196 “pugnanti:”
384 3124 465 3190 alius,
487 3122 600 3191 “Qud;
635 3134 684 3180 aut
704 3127 759 3198 quel
779 3126 900 3180 eamusl
942 3123 1021 3180 Num
1037 3143 1115 3180 mon·

149 3201 221 3256 “tes
241 3201 333 3256 moliri
359 3203 428 3256 sede
451 3204 503 3258 sud
524 3204 678 3276 paramusl
733 3202 810 3257 Dum
838 3203 899 3256 haec
924 3201 1150 3258 imminebuntsr

150 3279 169 3342 ξ’
178 3277 256 3352 juga,
271 3277 328 3350 qud
341 3289 372 3333 tu
386 3279 421 3334 ad
437 3281 545 3336 hostem
561 3277 680 3335 veniesl
722 3279 844 3349 Armati,
867 3279 1000 3345 inermes,
1021 3279 1113 3348 sortes,
1196 3272 1203 3288 ‘

149 3356 170 3390 “
179 3354 284 3428 ignavi,
298 3354 401 3429 pariter
415 3375 515 3412 omnes
529 3357 604 3431 capti
619 3368 703 3431 atque
717 3357 783 3412 victi
798 3373 904 3412 sumus.
946 3357 993 3412 Ne
1008 3357 1116 3414 serrum

150 3431 294 3505 “quidem
309 3433 343 3488 ad
359 3433 432 3489 bene
457 3434 636 3490 moriendum
659 3435 805 3492 oblaturus
818 3445 862 3490 est
877 3435 981 3491 hostis:
1012 3435 1116 3490 sedens

151 3508 285 3565 “bellurn
313 3511 474 3568 conficiet.”
530 3512 585 3568 His
605 3513 728 3568 invicem
750 3512 937 3582 sermonibus
965 3513 1022 3586 qud
1048 3511 1115 3581 cibi,

151 3587 209 3664 qud
229 3587 332 3660 quietis
357 3589 514 3658 immernor,
536 3595 592 3646 noir
613 3591 743 3646 traducta
769 3600 820 3645 est.
870 3589 917 3646 Ne
940 3589 1151 3647 Samnitibustc

153 3665 270 3740 quidem
293 3667 443 3722 consilium
468 3667 497 3722 in
519 3681 576 3722 tarn
600 3667 672 3722 laetis
693 3667 861 3740 suppetebat
884 3667 988 3724 rebus:
1022 3669 1117 3740 itaque

153 3742 279 3800 universi
295 3742 474 3801 Herennium
485 3744 627 3814 Pontium,
650 3756 758 3819 patrem
782 3745 967 3819 imperatoris,
988 3765 1039 3821 per
1056 3745 1118 3802 lite·
