<?xml version="1.0" encoding="UTF-8"?>
<!DOCTYPE html PUBLIC "-//W3C//DTD XHTML 1.0 Transitional//EN"
    "http://www.w3.org/TR/xhtml1/DTD/xhtml1-transitional.dtd">
<html xmlns="http://www.w3.org/1999/xhtml" xml:lang="en" lang="en">
 <head>
  <title>
</title>
<meta http-equiv="Content-Type" content="text/html;charset=utf-8" />
  <meta name='ocr-system' content='tesseract 3.04.00' />
  <meta name='ocr-capabilities' content='ocr_page ocr_carea ocr_par ocr_line ocrx_word'/>
</head>
<body>
  <div class='ocr_page' id='page_1' title='image "./historiarumetse01livygoog_0110.png"; bbox 0 0 2630 4228; ppageno 0'>
   <div class='ocr_carea' id='block_1_1' title="bbox 513 357 1234 428">
    <p class='ocr_par' dir='ltr' id='par_1_1' title="bbox 513 357 1234 428">
     <span class='ocr_line' id='line_1_1' title="bbox 513 357 1234 428; baseline 0.018 -14"><span class='ocrx_word' id='word_1_1' title='bbox 513 364 618 414; x_wconf 71' lang='lat' dir='ltr'><strong>bremt</strong></span> <span class='ocrx_word' id='word_1_2' title='bbox 637 363 684 413; x_wconf 88' lang='lat'>111.</span> <span class='ocrx_word' id='word_1_3' title='bbox 705 376 767 412; x_wconf 72' lang='lat' dir='ltr'><strong>car.</strong></span> <span class='ocrx_word' id='word_1_4' title='bbox 778 375 830 412; x_wconf 81' lang='lat' dir='ltr'><strong>mr.</strong></span> <span class='ocrx_word' id='word_1_5' title='bbox 920 357 923 364; x_wconf 85' lang='grc'><strong><em>’</em></strong></span> <span class='ocrx_word' id='word_1_6' title='bbox 1121 365 1162 425; x_wconf 84' lang='grc'><strong>97</strong></span> <span class='ocrx_word' id='word_1_7' title='bbox 1228 413 1234 428; x_wconf 78' lang='lat'>.</span> 
     </span>
    </p>
   </div>
   <div class='ocr_carea' id='block_1_2' title="bbox 193 504 1161 744">
    <p class='ocr_par' dir='ltr' id='par_1_2' title="bbox 193 504 1161 744">
     <span class='ocr_line' id='line_1_2' title="bbox 193 504 1161 587; baseline -0.01 -14"><span class='ocrx_word' id='word_1_8' title='bbox 193 512 274 580; x_wconf 90' lang='lat' dir='ltr'><strong>citui,</strong></span> <span class='ocrx_word' id='word_1_9' title='bbox 302 508 403 587; x_wconf 86' lang='lat' dir='ltr'><strong>viginti</strong></span> <span class='ocrx_word' id='word_1_10' title='bbox 430 507 552 566; x_wconf 88' lang='lat' dir='ltr'><strong>tribunis</strong></span> <span class='ocrx_word' id='word_1_11' title='bbox 583 506 704 564; x_wconf 89' lang='lat' dir='ltr'><strong>militum</strong></span> <span class='ocrx_word' id='word_1_12' title='bbox 733 505 879 582; x_wconf 77' lang='lat' dir='ltr'>negotium</span> <span class='ocrx_word' id='word_1_13' title='bbox 900 504 1050 576; x_wconf 90' lang='lat' dir='ltr'><strong>dederunt,</strong></span> <span class='ocrx_word' id='word_1_14' title='bbox 1073 515 1104 562; x_wconf 92' lang='lat' dir='ltr'><strong>ut</strong></span> <span class='ocrx_word' id='word_1_15' title='bbox 1124 525 1161 564; x_wconf 82' lang='lat' dir='ltr'><strong>ex</strong></span> 
     </span>
     <span class='ocr_line' id='line_1_3' title="bbox 193 588 1159 660; baseline -0.008 -10"><span class='ocrx_word' id='word_1_16' title='bbox 193 612 245 650; x_wconf 90' lang='lat' dir='ltr'><strong>suo</strong></span> <span class='ocrx_word' id='word_1_17' title='bbox 271 608 391 648; x_wconf 91' lang='lat' dir='ltr'><strong>numero</strong></span> <span class='ocrx_word' id='word_1_18' title='bbox 415 588 486 644; x_wconf 91' lang='lat' dir='ltr'><strong>duos</strong></span> <span class='ocrx_word' id='word_1_19' title='bbox 509 596 650 658; x_wconf 82' lang='lat' dir='ltr'><strong>crearent,</strong></span> <span class='ocrx_word' id='word_1_20' title='bbox 672 605 720 660; x_wconf 92' lang='lat' dir='ltr'><strong>qm</strong></span> <span class='ocrx_word' id='word_1_21' title='bbox 741 603 861 642; x_wconf 83' lang='lat' dir='ltr'><strong>surnmae</strong></span> <span class='ocrx_word' id='word_1_22' title='bbox 882 603 973 640; x_wconf 89' lang='lat' dir='ltr'><strong>rerum</strong></span> <span class='ocrx_word' id='word_1_23' title='bbox 995 595 1159 660; x_wconf 72' lang='lat' dir='ltr'><strong>praeessent</strong></span> 
     </span>
     <span class='ocr_line' id='line_1_4' title="bbox 193 661 1161 744; baseline -0.006 -18"><span class='ocrx_word' id='word_1_24' title='bbox 193 669 224 726; x_wconf 91' lang='grc' dir='ltr'><strong>Μ</strong></span> <span class='ocrx_word' id='word_1_25' title='bbox 229 665 379 744; x_wconf 69' lang='lat' dir='ltr'><strong>Oppium,</strong></span> <span class='ocrx_word' id='word_1_26' title='bbox 389 666 455 722; x_wconf 86' lang='lat' dir='ltr'><strong>Sex.</strong></span> <span class='ocrx_word' id='word_1_27' title='bbox 468 663 619 721; x_wconf 83' lang='lat' dir='ltr'>Manilium</span> <span class='ocrx_word' id='word_1_28' title='bbox 629 675 737 720; x_wconf 87' lang='lat' dir='ltr'><strong>creant.</strong></span> <span class='ocrx_word' id='word_1_29' title='bbox 760 662 868 733; x_wconf 88' lang='lat' dir='ltr'><strong>Patres,</strong></span> <span class='ocrx_word' id='word_1_30' title='bbox 877 661 989 720; x_wconf 83' lang='lat' dir='ltr'><strong>solliciti</strong></span> <span class='ocrx_word' id='word_1_31' title='bbox 1000 662 1036 718; x_wconf 90' lang='lat' dir='ltr'><strong>de</strong></span> <span class='ocrx_word' id='word_1_32' title='bbox 1047 663 1161 720; x_wconf 66' lang='lat' dir='ltr'><strong>summi</strong></span> 
     </span>
    </p>
   </div>
   <div class='ocr_carea' id='block_1_3' title="bbox 158 740 1161 1370">
    <p class='ocr_par' dir='ltr' id='par_1_3' title="bbox 158 740 1161 1370">
     <span class='ocr_line' id='line_1_5' title="bbox 191 740 1161 820; baseline -0.006 -16"><span class='ocrx_word' id='word_1_33' title='bbox 191 767 298 818; x_wconf 89' lang='lat' dir='ltr'><strong>rerum,</strong></span> <span class='ocrx_word' id='word_1_34' title='bbox 313 763 398 820; x_wconf 90' lang='lat' dir='ltr'><strong>quum</strong></span> <span class='ocrx_word' id='word_1_35' title='bbox 421 755 537 800; x_wconf 86' lang='lat' dir='ltr'><strong>senatus</strong></span> <span class='ocrx_word' id='word_1_36' title='bbox 560 741 685 816; x_wconf 90' lang='lat' dir='ltr'><strong>quotidie</strong></span> <span class='ocrx_word' id='word_1_37' title='bbox 709 752 794 808; x_wconf 86' lang='lat' dir='ltr'><strong>esset,</strong></span> <span class='ocrx_word' id='word_1_38' title='bbox 817 740 919 815; x_wconf 85' lang='lat' dir='ltr'><strong>jurgiis</strong></span> <span class='ocrx_word' id='word_1_39' title='bbox 943 741 1045 816; x_wconf 77' lang='lat' dir='ltr'><strong>saepius</strong></span> <span class='ocrx_word' id='word_1_40' title='bbox 1064 751 1161 798; x_wconf 85' lang='lat' dir='ltr'><strong>terunt</strong></span> 
     </span>
     <span class='ocr_line' id='line_1_6' title="bbox 169 819 1161 900; baseline -0.002 -22"><span class='ocrx_word' id='word_1_41' title='bbox 169 838 312 900; x_wconf 82' lang='lat' dir='ltr'><strong>stempas,</strong></span> <span class='ocrx_word' id='word_1_42' title='bbox 327 824 411 898; x_wconf 69' lang='lat' dir='ltr'><strong>quam</strong></span> <span class='ocrx_word' id='word_1_43' title='bbox 426 821 562 879; x_wconf 88' lang='lat' dir='ltr'><strong>consiliis.</strong></span> <span class='ocrx_word' id='word_1_44' title='bbox 604 819 693 876; x_wconf 91' lang='lat' dir='ltr'><strong>Siccii</strong></span> <span class='ocrx_word' id='word_1_45' title='bbox 708 821 803 876; x_wconf 68' lang='lat' dir='ltr'><strong>caedes</strong></span> <span class='ocrx_word' id='word_1_46' title='bbox 822 819 1001 887; x_wconf 89' lang='lat' dir='ltr'><strong>decemviris,</strong></span> <span class='ocrx_word' id='word_1_47' title='bbox 1021 830 1051 874; x_wconf 88' lang='lat' dir='ltr'><strong>et</strong></span> <span class='ocrx_word' id='word_1_48' title='bbox 1072 819 1161 894; x_wconf 83' lang='lat' dir='ltr'><strong>Appi-</strong></span> 
     </span>
     <span class='ocr_line' id='line_1_7' title="bbox 191 895 1159 973; baseline -0.006 -13"><span class='ocrx_word' id='word_1_49' title='bbox 191 923 247 960; x_wconf 87' lang='lat' dir='ltr'><strong>ana</strong></span> <span class='ocrx_word' id='word_1_50' title='bbox 273 903 372 968; x_wconf 93' lang='lat' dir='ltr'><strong>libido,</strong></span> <span class='ocrx_word' id='word_1_51' title='bbox 399 911 428 957; x_wconf 92' lang='lat' dir='ltr'><strong>et</strong></span> <span class='ocrx_word' id='word_1_52' title='bbox 448 900 590 956; x_wconf 88' lang='lat' dir='ltr'><strong>dedecora</strong></span> <span class='ocrx_word' id='word_1_53' title='bbox 621 898 728 954; x_wconf 85' lang='lat' dir='ltr'><strong>militiae</strong></span> <span class='ocrx_word' id='word_1_54' title='bbox 742 897 959 973; x_wconf 88' lang='lat' dir='ltr'><strong>objiciebantur.</strong></span> <span class='ocrx_word' id='word_1_55' title='bbox 1015 895 1159 969; x_wconf 83' lang='lat' dir='ltr'><strong>Placebat,</strong></span> 
     </span>
     <span class='ocr_line' id='line_1_8' title="bbox 191 975 1160 1052; baseline -0.005 -14"><span class='ocrx_word' id='word_1_56' title='bbox 191 981 338 1038; x_wconf 87' lang='lat' dir='ltr'><strong>Valerium</strong></span> <span class='ocrx_word' id='word_1_57' title='bbox 354 979 561 1052; x_wconf 80' lang='lat' dir='ltr'><strong>Horatiumque</strong></span> <span class='ocrx_word' id='word_1_58' title='bbox 583 977 623 1033; x_wconf 89' lang='lat' dir='ltr'><strong>ire</strong></span> <span class='ocrx_word' id='word_1_59' title='bbox 638 975 667 1032; x_wconf 94' lang='lat' dir='ltr'><strong>in</strong></span> <span class='ocrx_word' id='word_1_60' title='bbox 683 977 880 1033; x_wconf 85' lang='lat' dir='ltr'><strong>Aventinum:</strong></span> <span class='ocrx_word' id='word_1_61' title='bbox 917 975 957 1032; x_wconf 94' lang='lat' dir='ltr'><strong>illi</strong></span> <span class='ocrx_word' id='word_1_62' title='bbox 971 975 1116 1052; x_wconf 75' lang='lat' dir='ltr'><strong>negabant</strong></span> <span class='ocrx_word' id='word_1_63' title='bbox 1129 995 1160 1033; x_wconf 87' lang='lat' dir='ltr'><strong>se</strong></span> 
     </span>
     <span class='ocr_line' id='line_1_9' title="bbox 191 1053 1161 1132; baseline -0.005 -16"><span class='ocrx_word' id='word_1_64' title='bbox 191 1059 272 1116; x_wconf 87' lang='lat' dir='ltr'><strong>aliter</strong></span> <span class='ocrx_word' id='word_1_65' title='bbox 286 1059 384 1129; x_wconf 90' lang='lat' dir='ltr'><strong>ituros,</strong></span> <span class='ocrx_word' id='word_1_66' title='bbox 398 1057 483 1132; x_wconf 71' lang='lat' dir='ltr'><strong>quam</strong></span> <span class='ocrx_word' id='word_1_67' title='bbox 498 1055 520 1112; x_wconf 89' lang='lat' dir='ltr'><strong>si</strong></span> <span class='ocrx_word' id='word_1_68' title='bbox 545 1054 699 1112; x_wconf 87' lang='lat' dir='ltr'><strong>decemviri</strong></span> <span class='ocrx_word' id='word_1_69' title='bbox 721 1055 897 1130; x_wconf 83' lang='lat' dir='ltr'><strong>deponerent</strong></span> <span class='ocrx_word' id='word_1_70' title='bbox 910 1053 1036 1128; x_wconf 87' lang='lat' dir='ltr'><strong>insignia</strong></span> <span class='ocrx_word' id='word_1_71' title='bbox 1056 1055 1161 1129; x_wconf 86' lang='lat' dir='ltr'><strong>magis-</strong></span> 
     </span>
     <span class='ocr_line' id='line_1_10' title="bbox 191 1131 1161 1212; baseline -0.007 -17"><span class='ocrx_word' id='word_1_72' title='bbox 191 1140 279 1195; x_wconf 83' lang='lat' dir='ltr'><strong>tratrls</strong></span> <span class='ocrx_word' id='word_1_73' title='bbox 292 1137 363 1212; x_wconf 87' lang='lat' dir='ltr'><strong>ejus,</strong></span> <span class='ocrx_word' id='word_1_74' title='bbox 388 1155 445 1210; x_wconf 93' lang='lat' dir='ltr'><strong>quo</strong></span> <span class='ocrx_word' id='word_1_75' title='bbox 469 1153 545 1190; x_wconf 88' lang='lat' dir='ltr'><strong>anno</strong></span> <span class='ocrx_word' id='word_1_76' title='bbox 566 1133 625 1208; x_wconf 86' lang='lat' dir='ltr'><strong>jam</strong></span> <span class='ocrx_word' id='word_1_77' title='bbox 640 1131 705 1189; x_wconf 70' lang='lat' dir='ltr'><strong>ante</strong></span> <span class='ocrx_word' id='word_1_78' title='bbox 719 1133 854 1188; x_wconf 86' lang='lat' dir='ltr'><strong>abissent.</strong></span> <span class='ocrx_word' id='word_1_79' title='bbox 897 1131 1071 1203; x_wconf 79' lang='lat' dir='ltr'><strong>Decemviri,</strong></span> <span class='ocrx_word' id='word_1_80' title='bbox 1092 1151 1161 1206; x_wconf 91' lang='lat' dir='ltr'><strong>que·</strong></span> 
     </span>
     <span class='ocr_line' id='line_1_11' title="bbox 158 1209 1160 1286; baseline -0.001 -18"><span class='ocrx_word' id='word_1_81' title='bbox 158 1227 287 1273; x_wconf 82' lang='lat' dir='ltr'><strong>urentes</strong></span> <span class='ocrx_word' id='word_1_82' title='bbox 313 1234 343 1271; x_wconf 88' lang='lat' dir='ltr'><strong>se</strong></span> <span class='ocrx_word' id='word_1_83' title='bbox 370 1214 399 1270; x_wconf 90' lang='lat' dir='ltr'><strong>in</strong></span> <span class='ocrx_word' id='word_1_84' title='bbox 422 1213 551 1271; x_wconf 90' lang='lat' dir='ltr'><strong>ordinem</strong></span> <span class='ocrx_word' id='word_1_85' title='bbox 573 1211 650 1286; x_wconf 84' lang='lat' dir='ltr'><strong>cogi,</strong></span> <span class='ocrx_word' id='word_1_86' title='bbox 671 1229 729 1267; x_wconf 93' lang='lat' dir='ltr'><strong>non</strong></span> <span class='ocrx_word' id='word_1_87' title='bbox 750 1210 833 1279; x_wconf 67' lang='lat' dir='ltr'><strong>anre,</strong></span> <span class='ocrx_word' id='word_1_88' title='bbox 850 1209 935 1284; x_wconf 72' lang='lat' dir='ltr'><strong>quam</strong></span> <span class='ocrx_word' id='word_1_89' title='bbox 957 1209 1071 1284; x_wconf 89' lang='lat' dir='ltr'><strong>perlatis</strong></span> <span class='ocrx_word' id='word_1_90' title='bbox 1092 1209 1160 1286; x_wconf 87' lang='lat' dir='ltr'><strong>legi·</strong></span> 
     </span>
     <span class='ocr_line' id='line_1_12' title="bbox 191 1287 1159 1370; baseline -0.004 -20"><span class='ocrx_word' id='word_1_91' title='bbox 191 1295 254 1359; x_wconf 89' lang='lat' dir='ltr'><strong>bus,</strong></span> <span class='ocrx_word' id='word_1_92' title='bbox 275 1312 394 1370; x_wconf 81' lang='lat' dir='ltr'><strong>quarum</strong></span> <span class='ocrx_word' id='word_1_93' title='bbox 418 1291 507 1348; x_wconf 74' lang='lat' dir='ltr'><strong>causi</strong></span> <span class='ocrx_word' id='word_1_94' title='bbox 528 1289 617 1348; x_wconf 85' lang='lat' dir='ltr'><strong>creati</strong></span> <span class='ocrx_word' id='word_1_95' title='bbox 638 1299 743 1360; x_wconf 89' lang='lat' dir='ltr'><strong>essent,</strong></span> <span class='ocrx_word' id='word_1_96' title='bbox 758 1287 936 1365; x_wconf 87' lang='lat' dir='ltr'><strong>deposituros</strong></span> <span class='ocrx_word' id='word_1_97' title='bbox 957 1288 1106 1364; x_wconf 90' lang='lat' dir='ltr'><strong>imperium</strong></span> <span class='ocrx_word' id='word_1_98' title='bbox 1128 1308 1159 1346; x_wconf 86' lang='lat' dir='ltr'><strong>se</strong></span> 
     </span>
    </p>
   </div>
   <div class='ocr_carea' id='block_1_4' title="bbox 191 1373 314 1430">
    <p class='ocr_par' dir='ltr' id='par_1_4' title="bbox 191 1373 314 1430">
     <span class='ocr_line' id='line_1_13' title="bbox 191 1373 314 1430; baseline -0.016 0"><span class='ocrx_word' id='word_1_99' title='bbox 191 1373 314 1430; x_wconf 87' lang='lat' dir='ltr'><strong>aiebant.</strong></span> 
     </span>
    </p>
   </div>
   <div class='ocr_carea' id='block_1_5' title="bbox 92 1527 1233 3890">
    <p class='ocr_par' dir='ltr' id='par_1_5' title="bbox 92 1527 1233 3890">
     <span class='ocr_line' id='line_1_14' title="bbox 230 1527 1159 1604; baseline -0.004 -16"><span class='ocrx_word' id='word_1_100' title='bbox 230 1531 297 1588; x_wconf 83' lang='lat' dir='ltr'><strong>Lll.</strong></span> <span class='ocrx_word' id='word_1_101' title='bbox 332 1530 388 1588; x_wconf 90' lang='lat' dir='ltr'><strong>Per</strong></span> <span class='ocrx_word' id='word_1_102' title='bbox 402 1531 445 1588; x_wconf 87' lang='grc' dir='ltr'><strong>Μ.</strong></span> <span class='ocrx_word' id='word_1_103' title='bbox 460 1530 601 1602; x_wconf 91' lang='lat' dir='ltr'><strong>Duilium,</strong></span> <span class='ocrx_word' id='word_1_104' title='bbox 621 1529 670 1604; x_wconf 94' lang='lat' dir='ltr'><strong>qui</strong></span> <span class='ocrx_word' id='word_1_105' title='bbox 684 1529 816 1588; x_wconf 90' lang='lat' dir='ltr'><strong>tribunus</strong></span> <span class='ocrx_word' id='word_1_106' title='bbox 835 1528 925 1604; x_wconf 91' lang='lat' dir='ltr'><strong>plebis</strong></span> <span class='ocrx_word' id='word_1_107' title='bbox 940 1527 1040 1594; x_wconf 82' lang='lat' dir='ltr'><strong>luerat,</strong></span> <span class='ocrx_word' id='word_1_108' title='bbox 1056 1527 1159 1585; x_wconf 90' lang='lat' dir='ltr'><strong>certior</strong></span> 
     </span>
     <span class='ocr_line' id='line_1_15' title="bbox 192 1607 1158 1684; baseline -0.002 -18"><span class='ocrx_word' id='word_1_109' title='bbox 192 1608 267 1666; x_wconf 84' lang='lat' dir='ltr'><strong>sacta</strong></span> <span class='ocrx_word' id='word_1_110' title='bbox 280 1610 370 1684; x_wconf 87' lang='lat' dir='ltr'><strong>plebs,</strong></span> <span class='ocrx_word' id='word_1_111' title='bbox 386 1609 618 1666; x_wconf 86' lang='lat' dir='ltr'><strong>contentionibus</strong></span> <span class='ocrx_word' id='word_1_112' title='bbox 632 1607 754 1664; x_wconf 82' lang='lat' dir='ltr'><strong>assiduis</strong></span> <span class='ocrx_word' id='word_1_113' title='bbox 766 1607 837 1664; x_wconf 92' lang='lat' dir='ltr'><strong>nihil</strong></span> <span class='ocrx_word' id='word_1_114' title='bbox 847 1607 976 1683; x_wconf 74' lang='lat' dir='ltr'><strong>transigi,</strong></span> <span class='ocrx_word' id='word_1_115' title='bbox 991 1607 1021 1664; x_wconf 91' lang='lat' dir='ltr'><strong>in</strong></span> <span class='ocrx_word' id='word_1_116' title='bbox 1036 1607 1158 1664; x_wconf 88' lang='lat' dir='ltr'><strong>Sacrum</strong></span> 
     </span>
     <span class='ocr_line' id='line_1_16' title="bbox 159 1684 1157 1760; baseline 0.001 -20"><span class='ocrx_word' id='word_1_117' title='bbox 159 1699 315 1745; x_wconf 77' lang='lat' dir='ltr'><strong>umentem</strong></span> <span class='ocrx_word' id='word_1_118' title='bbox 328 1707 364 1744; x_wconf 89' lang='lat' dir='ltr'><strong>ex</strong></span> <span class='ocrx_word' id='word_1_119' title='bbox 380 1689 524 1744; x_wconf 83' lang='lat' dir='ltr'><strong>Aventino</strong></span> <span class='ocrx_word' id='word_1_120' title='bbox 538 1687 655 1756; x_wconf 80' lang='lat' dir='ltr'><strong>transit3</strong></span> <span class='ocrx_word' id='word_1_121' title='bbox 674 1685 836 1749; x_wconf 83' lang='lat' dir='ltr'><strong>affirmante</strong></span> <span class='ocrx_word' id='word_1_122' title='bbox 846 1685 953 1754; x_wconf 89' lang='lat' dir='ltr'><strong>Duilio,</strong></span> <span class='ocrx_word' id='word_1_123' title='bbox 969 1692 988 1722; x_wconf 83' lang='lat'><strong>“</strong></span> <span class='ocrx_word' id='word_1_124' title='bbox 998 1704 1054 1742; x_wconf 91' lang='lat' dir='ltr'><strong>non</strong></span> <span class='ocrx_word' id='word_1_125' title='bbox 1070 1684 1157 1760; x_wconf 83' lang='lat' dir='ltr'><strong>priris,</strong></span> 
     </span>
     <span class='ocr_line' id='line_1_17' title="bbox 190 1763 1158 1840; baseline -0.002 -18"><span class='ocrx_word' id='word_1_126' title='bbox 190 1766 302 1840; x_wconf 75' lang='lat' dir='ltr'><strong>“quim</strong></span> <span class='ocrx_word' id='word_1_127' title='bbox 319 1766 411 1822; x_wconf 87' lang='lat' dir='ltr'><strong>deseri</strong></span> <span class='ocrx_word' id='word_1_128' title='bbox 426 1766 533 1822; x_wconf 87' lang='lat' dir='ltr'><strong>Urbem</strong></span> <span class='ocrx_word' id='word_1_129' title='bbox 549 1765 672 1834; x_wconf 87' lang='lat' dir='ltr'><strong>videant,</strong></span> <span class='ocrx_word' id='word_1_130' title='bbox 695 1783 793 1822; x_wconf 89' lang='lat' dir='ltr'><strong>curam</strong></span> <span class='ocrx_word' id='word_1_131' title='bbox 809 1764 838 1820; x_wconf 91' lang='lat' dir='ltr'><strong>in</strong></span> <span class='ocrx_word' id='word_1_132' title='bbox 854 1765 964 1820; x_wconf 90' lang='lat' dir='ltr'><strong>animos</strong></span> <span class='ocrx_word' id='word_1_133' title='bbox 979 1764 1094 1820; x_wconf 91' lang='lat' dir='ltr'><strong>Patrum</strong></span> <span class='ocrx_word' id='word_1_134' title='bbox 1110 1763 1158 1820; x_wconf 90' lang='lat' dir='ltr'><strong>de·</strong></span> 
     </span>
     <span class='ocr_line' id='line_1_18' title="bbox 188 1842 1157 1902; baseline -0.001 -3"><span class='ocrx_word' id='word_1_135' title='bbox 188 1852 400 1902; x_wconf 88' lang='lat' dir='ltr'><strong>“scensuram:</strong></span> <span class='ocrx_word' id='word_1_136' title='bbox 435 1843 648 1900; x_wconf 81' lang='lat' dir='ltr'><strong>admoniturum</strong></span> <span class='ocrx_word' id='word_1_137' title='bbox 676 1844 797 1899; x_wconf 89' lang='lat' dir='ltr'><strong>Sacrum</strong></span> <span class='ocrx_word' id='word_1_138' title='bbox 829 1853 955 1899; x_wconf 90' lang='lat' dir='ltr'><strong>montem</strong></span> <span class='ocrx_word' id='word_1_139' title='bbox 987 1842 1157 1900; x_wconf 74' lang='lat' dir='ltr'><strong>constantim</strong></span> 
     </span>
     <span class='ocr_line' id='line_1_19' title="bbox 189 1920 1157 1996; baseline -0.002 -18"><span class='ocrx_word' id='word_1_140' title='bbox 189 1925 208 1956; x_wconf 86' lang='lat'>“</span> <span class='ocrx_word' id='word_1_141' title='bbox 216 1923 325 1996; x_wconf 86' lang='lat' dir='ltr'><strong>plebis:</strong></span> <span class='ocrx_word' id='word_1_142' title='bbox 361 1922 491 1988; x_wconf 92' lang='lat' dir='ltr'><strong>scituros,</strong></span> <span class='ocrx_word' id='word_1_143' title='bbox 512 1921 590 1996; x_wconf 86' lang='lat' dir='ltr'><strong>qudd</strong></span> <span class='ocrx_word' id='word_1_144' title='bbox 612 1922 674 1978; x_wconf 88' lang='lat' dir='ltr'><strong>sine</strong></span> <span class='ocrx_word' id='word_1_145' title='bbox 704 1921 835 1977; x_wconf 69' lang='lat' dir='ltr'><strong>restitutit</strong></span> <span class='ocrx_word' id='word_1_146' title='bbox 855 1931 993 1996; x_wconf 88' lang='lat' dir='ltr'><strong>potestate</strong></span> <span class='ocrx_word' id='word_1_147' title='bbox 1014 1921 1105 1996; x_wconf 85' lang='lat' dir='ltr'><strong>redigi</strong></span> <span class='ocrx_word' id='word_1_148' title='bbox 1128 1920 1157 1977; x_wconf 90' lang='lat' dir='ltr'><strong>in</strong></span> 
     </span>
     <span class='ocr_line' id='line_1_20' title="bbox 188 1997 1156 2074; baseline -0.001 -18"><span class='ocrx_word' id='word_1_149' title='bbox 188 2001 399 2070; x_wconf 83' lang='lat' dir='ltr'><strong>“concordiam</strong></span> <span class='ocrx_word' id='word_1_150' title='bbox 421 2019 467 2057; x_wconf 92' lang='lat' dir='ltr'><strong>res</strong></span> <span class='ocrx_word' id='word_1_151' title='bbox 487 2000 661 2074; x_wconf 86' lang='lat' dir='ltr'><strong>nequeant.&#39;&#39;</strong></span> <span class='ocrx_word' id='word_1_152' title='bbox 717 1999 773 2056; x_wconf 75' lang='lat' dir='ltr'><strong>Vid</strong></span> <span class='ocrx_word' id='word_1_153' title='bbox 800 1999 983 2056; x_wconf 67' lang='lat' dir='ltr'><strong>Nomentana</strong></span> <span class='ocrx_word' id='word_1_154' title='bbox 1009 1997 1071 2074; x_wconf 89' lang='lat' dir='ltr'><strong>(cui</strong></span> <span class='ocrx_word' id='word_1_155' title='bbox 1095 2010 1156 2056; x_wconf 91' lang='lat' dir='ltr'><strong>tum</strong></span> 
     </span>
     <span class='ocr_line' id='line_1_21' title="bbox 152 2076 1157 2155; baseline 0.004 -25"><span class='ocrx_word' id='word_1_156' title='bbox 152 2089 178 2130; x_wconf 79' lang='lat' dir='ltr'><strong>ao</strong></span> <span class='ocrx_word' id='word_1_157' title='bbox 189 2076 335 2136; x_wconf 80' lang='lat' dir='ltr'><strong>Ficulensi</strong></span> <span class='ocrx_word' id='word_1_158' title='bbox 350 2097 455 2135; x_wconf 91' lang='lat' dir='ltr'><strong>nomen</strong></span> <span class='ocrx_word' id='word_1_159' title='bbox 470 2079 536 2155; x_wconf 89' lang='lat' dir='ltr'><strong>suit)</strong></span> <span class='ocrx_word' id='word_1_160' title='bbox 551 2077 679 2153; x_wconf 83' lang='lat' dir='ltr'><strong>proiecti,</strong></span> <span class='ocrx_word' id='word_1_161' title='bbox 695 2088 788 2134; x_wconf 87' lang='lat' dir='ltr'><strong>cestra</strong></span> <span class='ocrx_word' id='word_1_162' title='bbox 812 2078 840 2134; x_wconf 92' lang='lat' dir='ltr'><strong>in</strong></span> <span class='ocrx_word' id='word_1_163' title='bbox 864 2089 960 2134; x_wconf 89' lang='lat' dir='ltr'><strong>monte</strong></span> <span class='ocrx_word' id='word_1_164' title='bbox 978 2079 1067 2134; x_wconf 89' lang='lat' dir='ltr'><strong>Sacro</strong></span> <span class='ocrx_word' id='word_1_165' title='bbox 1081 2077 1157 2134; x_wconf 89' lang='lat' dir='ltr'><strong>loca·</strong></span> 
     </span>
     <span class='ocr_line' id='line_1_22' title="bbox 187 2153 1157 2232; baseline 0.001 -21"><span class='ocrx_word' id='word_1_166' title='bbox 187 2153 274 2224; x_wconf 68' lang='lat' dir='ltr'><strong>vere3</strong></span> <span class='ocrx_word' id='word_1_167' title='bbox 297 2157 465 2214; x_wconf 89' lang='lat' dir='ltr'><strong>modestiam</strong></span> <span class='ocrx_word' id='word_1_168' title='bbox 479 2168 590 2232; x_wconf 89' lang='lat' dir='ltr'><strong>patrum</strong></span> <span class='ocrx_word' id='word_1_169' title='bbox 602 2175 717 2213; x_wconf 79' lang='lat' dir='ltr'><strong>auorum</strong></span> <span class='ocrx_word' id='word_1_170' title='bbox 733 2156 803 2214; x_wconf 92' lang='lat' dir='ltr'><strong>nihil</strong></span> <span class='ocrx_word' id='word_1_171' title='bbox 819 2155 950 2213; x_wconf 91' lang='lat' dir='ltr'><strong>violando</strong></span> <span class='ocrx_word' id='word_1_172' title='bbox 965 2155 1074 2213; x_wconf 87' lang='lat' dir='ltr'><strong>imitati.</strong></span> <span class='ocrx_word' id='word_1_173' title='bbox 1105 2157 1157 2212; x_wconf 90' lang='lat' dir='ltr'><strong>Se·</strong></span> 
     </span>
     <span class='ocr_line' id='line_1_23' title="bbox 187 2235 1157 2310; baseline 0.002 -20"><span class='ocrx_word' id='word_1_174' title='bbox 187 2245 255 2290; x_wconf 91' lang='lat' dir='ltr'><strong>cuta</strong></span> <span class='ocrx_word' id='word_1_175' title='bbox 268 2236 424 2291; x_wconf 88' lang='lat' dir='ltr'><strong>exercitum</strong></span> <span class='ocrx_word' id='word_1_176' title='bbox 439 2235 528 2309; x_wconf 90' lang='lat' dir='ltr'><strong>plebs,</strong></span> <span class='ocrx_word' id='word_1_177' title='bbox 543 2235 630 2304; x_wconf 89' lang='lat' dir='ltr'><strong>nullo,</strong></span> <span class='ocrx_word' id='word_1_178' title='bbox 652 2235 700 2310; x_wconf 93' lang='lat' dir='ltr'><strong>qui</strong></span> <span class='ocrx_word' id='word_1_179' title='bbox 722 2253 772 2309; x_wconf 90' lang='lat' dir='ltr'><strong>per</strong></span> <span class='ocrx_word' id='word_1_180' title='bbox 793 2245 905 2292; x_wconf 86' lang='lat' dir='ltr'><strong>aetatem</strong></span> <span class='ocrx_word' id='word_1_181' title='bbox 930 2235 971 2291; x_wconf 88' lang='lat' dir='ltr'><strong>ire</strong></span> <span class='ocrx_word' id='word_1_182' title='bbox 995 2246 1099 2310; x_wconf 89' lang='lat' dir='ltr'><strong>posset,</strong></span> <span class='ocrx_word' id='word_1_183' title='bbox 1114 2254 1157 2292; x_wconf 85' lang='lat' dir='ltr'><strong>re·</strong></span> 
     </span>
     <span class='ocr_line' id='line_1_24' title="bbox 186 2311 1156 2389; baseline 0.002 -20"><span class='ocrx_word' id='word_1_184' title='bbox 186 2323 336 2370; x_wconf 89' lang='lat' dir='ltr'><strong>tractante.</strong></span> <span class='ocrx_word' id='word_1_185' title='bbox 378 2311 591 2388; x_wconf 91' lang='lat' dir='ltr'><strong>Prosequuntur</strong></span> <span class='ocrx_word' id='word_1_186' title='bbox 615 2313 754 2389; x_wconf 85' lang='lat' dir='ltr'><strong>conjuges</strong></span> <span class='ocrx_word' id='word_1_187' title='bbox 778 2313 926 2388; x_wconf 82' lang='lat' dir='ltr'><strong>liberique,</strong></span> <span class='ocrx_word' id='word_1_188' title='bbox 955 2313 1102 2372; x_wconf 82' lang='lat' dir='ltr'><strong>“cuinam</strong></span> <span class='ocrx_word' id='word_1_189' title='bbox 1124 2333 1156 2371; x_wconf 87' lang='lat' dir='ltr'><strong>se</strong></span> 
     </span>
     <span class='ocr_line' id='line_1_25' title="bbox 186 2391 1155 2468; baseline 0.004 -22"><span class='ocrx_word' id='word_1_190' title='bbox 186 2391 404 2466; x_wconf 90' lang='lat' dir='ltr'><strong>“relinquerent</strong></span> <span class='ocrx_word' id='word_1_191' title='bbox 419 2392 446 2448; x_wconf 91' lang='lat' dir='ltr'><strong>in</strong></span> <span class='ocrx_word' id='word_1_192' title='bbox 462 2393 498 2448; x_wconf 79' lang='lat' dir='ltr'><strong>eti</strong></span> <span class='ocrx_word' id='word_1_193' title='bbox 512 2393 592 2463; x_wconf 91' lang='lat' dir='ltr'><strong>urbe,</strong></span> <span class='ocrx_word' id='word_1_194' title='bbox 607 2393 635 2448; x_wconf 91' lang='lat' dir='ltr'><strong>in</strong></span> <span class='ocrx_word' id='word_1_195' title='bbox 651 2393 705 2466; x_wconf 71' lang='lat' dir='ltr'><strong>qui</strong></span> <span class='ocrx_word' id='word_1_196' title='bbox 730 2411 785 2449; x_wconf 91' lang='lat' dir='ltr'><strong>nec</strong></span> <span class='ocrx_word' id='word_1_197' title='bbox 800 2393 947 2468; x_wconf 91' lang='lat' dir='ltr'><strong>pudicitia,</strong></span> <span class='ocrx_word' id='word_1_198' title='bbox 970 2412 1025 2449; x_wconf 93' lang='lat' dir='ltr'><strong>nec</strong></span> <span class='ocrx_word' id='word_1_199' title='bbox 1039 2393 1155 2450; x_wconf 89' lang='lat' dir='ltr'><strong>libertas</strong></span> 
     </span>
     <span class='ocr_line' id='line_1_26' title="bbox 150 2469 1155 2546; baseline 0.01 -27"><span class='ocrx_word' id='word_1_200' title='bbox 150 2472 313 2526; x_wconf 74' lang='lat' dir='ltr'><strong>2⁵“sancta</strong></span> <span class='ocrx_word' id='word_1_201' title='bbox 333 2470 440 2536; x_wconf 86' lang='lat' dir='ltr'><strong>esset‚’&#39;</strong></span> <span class='ocrx_word' id='word_1_202' title='bbox 462 2471 659 2528; x_wconf 88' lang='lat' dir='ltr'><strong>miserabiliter</strong></span> <span class='ocrx_word' id='word_1_203' title='bbox 674 2471 838 2546; x_wconf 87' lang='lat' dir='ltr'><strong>rogitantes.</strong></span> <span class='ocrx_word' id='word_1_204' title='bbox 879 2469 980 2545; x_wconf 83' lang='lat' dir='ltr'><strong>Quum</strong></span> <span class='ocrx_word' id='word_1_205' title='bbox 1003 2483 1081 2528; x_wconf 85' lang='lat' dir='ltr'><strong>vasta</strong></span> <span class='ocrx_word' id='word_1_206' title='bbox 1094 2472 1155 2529; x_wconf 80' lang='lat' dir='ltr'><strong>Ro-</strong></span> 
     </span>
     <span class='ocr_line' id='line_1_27' title="bbox 185 2549 1155 2626; baseline 0.004 -23"><span class='ocrx_word' id='word_1_207' title='bbox 185 2565 238 2602; x_wconf 85' lang='lat' dir='ltr'><strong>mae</strong></span> <span class='ocrx_word' id='word_1_208' title='bbox 252 2550 349 2605; x_wconf 90' lang='lat' dir='ltr'><strong>omnia</strong></span> <span class='ocrx_word' id='word_1_209' title='bbox 363 2549 475 2605; x_wconf 88' lang='lat' dir='ltr'><strong>insueta</strong></span> <span class='ocrx_word' id='word_1_210' title='bbox 498 2549 621 2606; x_wconf 89' lang='lat' dir='ltr'><strong>solitudo</strong></span> <span class='ocrx_word' id='word_1_211' title='bbox 646 2549 769 2619; x_wconf 87' lang='lat' dir='ltr'><strong>fecisset,</strong></span> <span class='ocrx_word' id='word_1_212' title='bbox 794 2549 823 2606; x_wconf 93' lang='lat' dir='ltr'><strong>in</strong></span> <span class='ocrx_word' id='word_1_213' title='bbox 847 2549 906 2607; x_wconf 84' lang='lat' dir='ltr'><strong>foro</strong></span> <span class='ocrx_word' id='word_1_214' title='bbox 924 2561 1026 2625; x_wconf 83' lang='lat' dir='ltr'><strong>praeter</strong></span> <span class='ocrx_word' id='word_1_215' title='bbox 1047 2569 1155 2626; x_wconf 86' lang='lat' dir='ltr'><strong>paucos</strong></span> 
     </span>
     <span class='ocr_line' id='line_1_28' title="bbox 184 2626 1233 2702; baseline 0.01 -24"><span class='ocrx_word' id='word_1_216' title='bbox 184 2626 328 2683; x_wconf 89' lang='lat' dir='ltr'><strong>seniorum</strong></span> <span class='ocrx_word' id='word_1_217' title='bbox 343 2646 429 2684; x_wconf 91' lang='lat' dir='ltr'><strong>nemo</strong></span> <span class='ocrx_word' id='word_1_218' title='bbox 448 2639 546 2695; x_wconf 82' lang='lat' dir='ltr'><strong>esset3</strong></span> <span class='ocrx_word' id='word_1_219' title='bbox 569 2628 676 2684; x_wconf 88' lang='lat' dir='ltr'><strong>vocatis</strong></span> <span class='ocrx_word' id='word_1_220' title='bbox 690 2628 787 2702; x_wconf 90' lang='lat' dir='ltr'><strong>utique</strong></span> <span class='ocrx_word' id='word_1_221' title='bbox 810 2629 839 2684; x_wconf 90' lang='lat' dir='ltr'><strong>in</strong></span> <span class='ocrx_word' id='word_1_222' title='bbox 864 2639 995 2684; x_wconf 90' lang='lat' dir='ltr'><strong>senatum</strong></span> <span class='ocrx_word' id='word_1_223' title='bbox 1010 2627 1152 2699; x_wconf 82' lang='lat' dir='ltr'><strong>Patribus,</strong></span> <span class='ocrx_word' id='word_1_224' title='bbox 1226 2674 1233 2688; x_wconf 85' lang='lat'><strong>.</strong></span> 
     </span>
     <span class='ocr_line' id='line_1_29' title="bbox 184 2702 1155 2782; baseline 0.004 -24"><span class='ocrx_word' id='word_1_225' title='bbox 184 2702 328 2761; x_wconf 90' lang='lat' dir='ltr'><strong>desertum</strong></span> <span class='ocrx_word' id='word_1_226' title='bbox 342 2706 519 2780; x_wconf 89' lang='lat' dir='ltr'><strong>apparuisset</strong></span> <span class='ocrx_word' id='word_1_227' title='bbox 533 2705 642 2774; x_wconf 89' lang='lat' dir='ltr'><strong>sorum;</strong></span> <span class='ocrx_word' id='word_1_228' title='bbox 675 2706 770 2781; x_wconf 89' lang='lat' dir='ltr'><strong>plures</strong></span> <span class='ocrx_word' id='word_1_229' title='bbox 781 2706 850 2782; x_wconf 88' lang='lat' dir='ltr'><strong>jam,</strong></span> <span class='ocrx_word' id='word_1_230' title='bbox 865 2705 950 2779; x_wconf 74' lang='lat' dir='ltr'><strong>quam</strong></span> <span class='ocrx_word' id='word_1_231' title='bbox 967 2706 1103 2763; x_wconf 86' lang='lat' dir='ltr'><strong>Horatius</strong></span> <span class='ocrx_word' id='word_1_232' title='bbox 1124 2717 1155 2764; x_wconf 90' lang='lat' dir='ltr'><strong>et</strong></span> 
     </span>
     <span class='ocr_line' id='line_1_30' title="bbox 184 2779 1154 2859; baseline 0.007 -24"><span class='ocrx_word' id='word_1_233' title='bbox 184 2779 325 2849; x_wconf 85' lang='lat' dir='ltr'><strong>Valerius,</strong></span> <span class='ocrx_word' id='word_1_234' title='bbox 341 2784 576 2854; x_wconf 85' lang='lat' dir='ltr'><strong>vociferabantur,</strong></span> <span class='ocrx_word' id='word_1_235' title='bbox 601 2784 711 2846; x_wconf 79' lang='lat' dir='ltr'><strong>“Quid</strong></span> <span class='ocrx_word' id='word_1_236' title='bbox 735 2784 947 2859; x_wconf 86' lang='lat' dir='ltr'><strong>exspectabitis,</strong></span> <span class='ocrx_word' id='word_1_237' title='bbox 973 2783 1071 2841; x_wconf 89' lang='lat' dir='ltr'><strong>Patres</strong></span> <span class='ocrx_word' id='word_1_238' title='bbox 1085 2803 1154 2842; x_wconf 90' lang='lat' dir='ltr'><strong>con·</strong></span> 
     </span>
     <span class='ocr_line' id='line_1_31' title="bbox 148 2861 1154 2938; baseline 0.006 -24"><span class='ocrx_word' id='word_1_239' title='bbox 148 2861 331 2936; x_wconf 83' lang='lat' dir='ltr'><strong>³⁰“scriptil</strong></span> <span class='ocrx_word' id='word_1_240' title='bbox 373 2864 405 2919; x_wconf 88' lang='lat' dir='ltr'><strong>Si</strong></span> <span class='ocrx_word' id='word_1_241' title='bbox 427 2861 582 2920; x_wconf 86' lang='lat' dir='ltr'><strong>decemviri</strong></span> <span class='ocrx_word' id='word_1_242' title='bbox 596 2863 682 2920; x_wconf 90' lang='lat' dir='ltr'><strong>finem</strong></span> <span class='ocrx_word' id='word_1_243' title='bbox 704 2863 869 2938; x_wconf 72' lang='lat' dir='ltr'><strong>pertinaciae</strong></span> <span class='ocrx_word' id='word_1_244' title='bbox 891 2881 947 2919; x_wconf 93' lang='lat' dir='ltr'><strong>non</strong></span> <span class='ocrx_word' id='word_1_245' title='bbox 973 2863 1092 2929; x_wconf 84' lang='lat' dir='ltr'><strong>faciunt,</strong></span> <span class='ocrx_word' id='word_1_246' title='bbox 1107 2883 1154 2920; x_wconf 86' lang='lat' dir='ltr'><strong>ru-</strong></span> 
     </span>
     <span class='ocr_line' id='line_1_32' title="bbox 92 2940 1152 3018; baseline 0.005 -25"><span class='ocrx_word' id='word_1_247' title='bbox 92 2964 98 2973; x_wconf 47' lang='lat'><em>*</em></span> <span class='ocrx_word' id='word_1_248' title='bbox 184 2943 203 2973; x_wconf 82' lang='lat'>“</span> <span class='ocrx_word' id='word_1_249' title='bbox 213 2957 262 2994; x_wconf 90' lang='lat' dir='ltr'><strong>ere</strong></span> <span class='ocrx_word' id='word_1_250' title='bbox 277 2959 311 2996; x_wconf 91' lang='lat' dir='ltr'><strong>ac</strong></span> <span class='ocrx_word' id='word_1_251' title='bbox 326 2941 483 3018; x_wconf 86' lang='lat' dir='ltr'><strong>deflagrare</strong></span> <span class='ocrx_word' id='word_1_252' title='bbox 496 2942 593 2999; x_wconf 85' lang='lat' dir='ltr'><strong>omnia</strong></span> <span class='ocrx_word' id='word_1_253' title='bbox 608 2942 716 3017; x_wconf 90' lang='lat' dir='ltr'><strong>passuri</strong></span> <span class='ocrx_word' id='word_1_254' title='bbox 731 2942 823 2999; x_wconf 86' lang='lat' dir='ltr'><strong>estisl</strong></span> <span class='ocrx_word' id='word_1_255' title='bbox 862 2940 951 3002; x_wconf 82' lang='lat' dir='ltr'><strong>Quod</strong></span> <span class='ocrx_word' id='word_1_256' title='bbox 966 2955 1060 3000; x_wconf 89' lang='lat' dir='ltr'><strong>autem</strong></span> <span class='ocrx_word' id='word_1_257' title='bbox 1077 2942 1152 2998; x_wconf 90' lang='lat' dir='ltr'><strong>istud</strong></span> 
     </span>
     <span class='ocr_line' id='line_1_33' title="bbox 182 3015 1152 3096; baseline 0.007 -25"><span class='ocrx_word' id='word_1_258' title='bbox 182 3015 363 3091; x_wconf 81' lang='lat' dir='ltr'><strong>“imperium</strong></span> <span class='ocrx_word' id='word_1_259' title='bbox 387 3033 439 3092; x_wconf 89' lang='lat' dir='ltr'><strong>est,</strong></span> <span class='ocrx_word' id='word_1_260' title='bbox 461 3021 626 3088; x_wconf 90' lang='lat' dir='ltr'><strong>decemviri,</strong></span> <span class='ocrx_word' id='word_1_261' title='bbox 650 3021 725 3095; x_wconf 90' lang='lat' dir='ltr'><strong>quod</strong></span> <span class='ocrx_word' id='word_1_262' title='bbox 744 3019 866 3096; x_wconf 89' lang='lat' dir='ltr'><strong>amplexi</strong></span> <span class='ocrx_word' id='word_1_263' title='bbox 881 3021 1008 3078; x_wconf 82' lang='lat' dir='ltr'><strong>tenetisl</strong></span> <span class='ocrx_word' id='word_1_264' title='bbox 1051 3019 1152 3078; x_wconf 88' lang='lat' dir='ltr'><strong>Tectis</strong></span> 
     </span>
     <span class='ocr_line' id='line_1_34' title="bbox 181 3096 1151 3174; baseline 0.007 -24"><span class='ocrx_word' id='word_1_265' title='bbox 181 3096 244 3150; x_wconf 86' lang='lat' dir='ltr'><strong>“ac</strong></span> <span class='ocrx_word' id='word_1_266' title='bbox 264 3097 419 3170; x_wconf 87' lang='lat' dir='ltr'><strong>parietibus</strong></span> <span class='ocrx_word' id='word_1_267' title='bbox 450 3099 514 3174; x_wconf 87' lang='lat' dir='ltr'><strong>jura</strong></span> <span class='ocrx_word' id='word_1_268' title='bbox 544 3099 648 3156; x_wconf 87' lang='lat' dir='ltr'><strong>dicturi</strong></span> <span class='ocrx_word' id='word_1_269' title='bbox 663 3100 753 3156; x_wconf 81' lang='lat' dir='ltr'><strong>estisl</strong></span> <span class='ocrx_word' id='word_1_270' title='bbox 809 3099 876 3156; x_wconf 90' lang='lat' dir='ltr'><strong>Non</strong></span> <span class='ocrx_word' id='word_1_271' title='bbox 899 3099 997 3174; x_wconf 92' lang='lat' dir='ltr'><strong>pudet,</strong></span> <span class='ocrx_word' id='word_1_272' title='bbox 1019 3099 1151 3158; x_wconf 91' lang='lat' dir='ltr'><strong>lictorum</strong></span> 
     </span>
     <span class='ocr_line' id='line_1_35' title="bbox 181 3175 1151 3254; baseline 0.009 -27"><span class='ocrx_word' id='word_1_273' title='bbox 181 3181 197 3205; x_wconf 83' lang='lat'><strong>‘⁴</strong></span> <span class='ocrx_word' id='word_1_274' title='bbox 206 3185 362 3232; x_wconf 90' lang='lat' dir='ltr'><strong>vestrorum</strong></span> <span class='ocrx_word' id='word_1_275' title='bbox 378 3177 513 3251; x_wconf 85' lang='lat' dir='ltr'><strong>majorem</strong></span> <span class='ocrx_word' id='word_1_276' title='bbox 528 3175 614 3252; x_wconf 76' lang='lat' dir='ltr'><strong>prope</strong></span> <span class='ocrx_word' id='word_1_277' title='bbox 630 3197 781 3254; x_wconf 82' lang='lat' dir='ltr'><strong>numerum</strong></span> <span class='ocrx_word' id='word_1_278' title='bbox 794 3177 822 3234; x_wconf 93' lang='lat' dir='ltr'><strong>in</strong></span> <span class='ocrx_word' id='word_1_279' title='bbox 839 3177 898 3234; x_wconf 87' lang='lat' dir='ltr'><strong>foro</strong></span> <span class='ocrx_word' id='word_1_280' title='bbox 912 3179 1051 3254; x_wconf 87' lang='lat' dir='ltr'><strong>conspici,</strong></span> <span class='ocrx_word' id='word_1_281' title='bbox 1066 3180 1151 3254; x_wconf 74' lang='lat' dir='ltr'><strong>quim</strong></span> 
     </span>
     <span class='ocr_line' id='line_1_36' title="bbox 145 3255 1152 3330; baseline 0.009 -25"><span class='ocrx_word' id='word_1_282' title='bbox 145 3257 198 3304; x_wconf 77' lang='lat'><strong>³5¹⁸</strong></span> <span class='ocrx_word' id='word_1_283' title='bbox 208 3261 365 3326; x_wconf 84' lang='lat' dir='ltr'><strong>togatorum</strong></span> <span class='ocrx_word' id='word_1_284' title='bbox 394 3255 592 3330; x_wconf 87' lang='lat' dir='ltr'><strong>aliorumquel</strong></span> <span class='ocrx_word' id='word_1_285' title='bbox 645 3255 737 3324; x_wconf 81' lang='lat' dir='ltr'><strong>Quid,</strong></span> <span class='ocrx_word' id='word_1_286' title='bbox 762 3257 786 3313; x_wconf 89' lang='lat' dir='ltr'><strong>si</strong></span> <span class='ocrx_word' id='word_1_287' title='bbox 800 3257 896 3314; x_wconf 87' lang='lat' dir='ltr'><strong>hostes</strong></span> <span class='ocrx_word' id='word_1_288' title='bbox 909 3258 944 3313; x_wconf 91' lang='lat' dir='ltr'><strong>ad</strong></span> <span class='ocrx_word' id='word_1_289' title='bbox 960 3258 1058 3316; x_wconf 92' lang='lat' dir='ltr'><strong>urbem</strong></span> <span class='ocrx_word' id='word_1_290' title='bbox 1075 3258 1152 3314; x_wconf 89' lang='lat' dir='ltr'><strong>veni·</strong></span> 
     </span>
     <span class='ocr_line' id='line_1_37' title="bbox 180 3331 1151 3412; baseline 0.006 -25"><span class='ocrx_word' id='word_1_291' title='bbox 180 3331 200 3364; x_wconf 80' lang='lat'><strong>“</strong></span> <span class='ocrx_word' id='word_1_292' title='bbox 210 3343 268 3402; x_wconf 83' lang='lat' dir='ltr'><strong>ant,</strong></span> <span class='ocrx_word' id='word_1_293' title='bbox 284 3331 385 3390; x_wconf 90' lang='lat' dir='ltr'><strong>facturi</strong></span> <span class='ocrx_word' id='word_1_294' title='bbox 400 3334 490 3390; x_wconf 86' lang='lat' dir='ltr'><strong>estisl</strong></span> <span class='ocrx_word' id='word_1_295' title='bbox 520 3334 598 3407; x_wconf 90' lang='lat' dir='ltr'><strong>quid,</strong></span> <span class='ocrx_word' id='word_1_296' title='bbox 613 3334 636 3390; x_wconf 87' lang='lat' dir='ltr'><strong>si</strong></span> <span class='ocrx_word' id='word_1_297' title='bbox 651 3335 731 3408; x_wconf 91' lang='lat' dir='ltr'><strong>plebs</strong></span> <span class='ocrx_word' id='word_1_298' title='bbox 745 3353 821 3407; x_wconf 88' lang='lat' dir='ltr'><strong>mox,</strong></span> <span class='ocrx_word' id='word_1_299' title='bbox 836 3336 883 3392; x_wconf 90' lang='lat' dir='ltr'><strong>ubi</strong></span> <span class='ocrx_word' id='word_1_300' title='bbox 899 3355 998 3412; x_wconf 88' lang='lat' dir='ltr'><strong>parum</strong></span> <span class='ocrx_word' id='word_1_301' title='bbox 1014 3336 1151 3394; x_wconf 88' lang='lat' dir='ltr'><strong>secessio·</strong></span> 
     </span>
     <span class='ocr_line' id='line_1_38' title="bbox 180 3409 1151 3485; baseline 0.009 -22"><span class='ocrx_word' id='word_1_302' title='bbox 180 3409 246 3476; x_wconf 88' lang='lat' dir='ltr'><strong>“ne</strong></span> <span class='ocrx_word' id='word_1_303' title='bbox 268 3429 442 3485; x_wconf 85' lang='lat' dir='ltr'><strong>moveamur,</strong></span> <span class='ocrx_word' id='word_1_304' title='bbox 471 3427 580 3469; x_wconf 88' lang='lat' dir='ltr'><strong>armata</strong></span> <span class='ocrx_word' id='word_1_305' title='bbox 610 3413 730 3470; x_wconf 83' lang='lat' dir='ltr'><strong>veniatl</strong></span> <span class='ocrx_word' id='word_1_306' title='bbox 784 3414 938 3472; x_wconf 90' lang='lat' dir='ltr'><strong>Occasune</strong></span> <span class='ocrx_word' id='word_1_307' title='bbox 967 3416 1046 3472; x_wconf 89' lang='lat' dir='ltr'><strong>urbis</strong></span> <span class='ocrx_word' id='word_1_308' title='bbox 1067 3415 1151 3472; x_wconf 87' lang='lat' dir='ltr'><strong>vultis</strong></span> 
     </span>
     <span class='ocr_line' id='line_1_39' title="bbox 181 3486 1151 3568; baseline 0.01 -26"><span class='ocrx_word' id='word_1_309' title='bbox 181 3493 201 3522; x_wconf 76' lang='lat'><strong>‘⁶</strong></span> <span class='ocrx_word' id='word_1_310' title='bbox 212 3486 293 3545; x_wconf 87' lang='lat' dir='ltr'><strong>linire</strong></span> <span class='ocrx_word' id='word_1_311' title='bbox 305 3490 480 3565; x_wconf 74' lang='lat' dir='ltr'><strong>imperium?</strong></span> <span class='ocrx_word' id='word_1_312' title='bbox 524 3490 610 3565; x_wconf 83' lang='lat' dir='ltr'><strong>Atqui</strong></span> <span class='ocrx_word' id='word_1_313' title='bbox 633 3501 682 3548; x_wconf 87' lang='lat' dir='ltr'><strong>aut</strong></span> <span class='ocrx_word' id='word_1_314' title='bbox 705 3491 784 3567; x_wconf 90' lang='lat' dir='ltr'><strong>plebs</strong></span> <span class='ocrx_word' id='word_1_315' title='bbox 808 3504 924 3551; x_wconf 89' lang='lat' dir='ltr'><strong>nonest</strong></span> <span class='ocrx_word' id='word_1_316' title='bbox 945 3495 1087 3568; x_wconf 85' lang='lat' dir='ltr'><strong>habenda,</strong></span> <span class='ocrx_word' id='word_1_317' title='bbox 1101 3505 1151 3552; x_wconf 83' lang='lat' dir='ltr'><strong>eut</strong></span> 
     </span>
     <span class='ocr_line' id='line_1_40' title="bbox 182 3565 1151 3647; baseline 0.007 -26"><span class='ocrx_word' id='word_1_318' title='bbox 182 3565 336 3626; x_wconf 85' lang='lat' dir='ltr'><strong>“habendi</strong></span> <span class='ocrx_word' id='word_1_319' title='bbox 359 3580 425 3626; x_wconf 90' lang='lat' dir='ltr'><strong>sunt</strong></span> <span class='ocrx_word' id='word_1_320' title='bbox 449 3569 556 3626; x_wconf 91' lang='lat' dir='ltr'><strong>tribuni</strong></span> <span class='ocrx_word' id='word_1_321' title='bbox 578 3569 676 3644; x_wconf 86' lang='lat' dir='ltr'><strong>plebis.</strong></span> <span class='ocrx_word' id='word_1_322' title='bbox 718 3569 780 3628; x_wconf 87' lang='lat' dir='ltr'><strong>Nos</strong></span> <span class='ocrx_word' id='word_1_323' title='bbox 804 3571 891 3629; x_wconf 80' lang='lat' dir='ltr'><strong>citius</strong></span> <span class='ocrx_word' id='word_1_324' title='bbox 904 3573 1081 3630; x_wconf 84' lang='lat' dir='ltr'><strong>caruerimus</strong></span> <span class='ocrx_word' id='word_1_325' title='bbox 1101 3591 1151 3647; x_wconf 86' lang='lat' dir='ltr'><strong>pa·</strong></span> 
     </span>
     <span class='ocr_line' id='line_1_41' title="bbox 145 3645 1149 3726; baseline 0.006 -26"><span class='ocrx_word' id='word_1_326' title='bbox 145 3661 170 3700; x_wconf 80' lang='lat' dir='ltr'><strong>ru</strong></span> <span class='ocrx_word' id='word_1_327' title='bbox 181 3647 200 3679; x_wconf 78' lang='lat'><strong>‘⁸</strong></span> <span class='ocrx_word' id='word_1_328' title='bbox 211 3645 301 3703; x_wconf 84' lang='lat' dir='ltr'><strong>triciis</strong></span> <span class='ocrx_word' id='word_1_329' title='bbox 315 3649 534 3724; x_wconf 84' lang='lat' dir='ltr'><strong>magistratibus,</strong></span> <span class='ocrx_word' id='word_1_330' title='bbox 559 3647 645 3722; x_wconf 78' lang='lat' dir='ltr'><strong>quim</strong></span> <span class='ocrx_word' id='word_1_331' title='bbox 670 3649 708 3706; x_wconf 91' lang='lat' dir='ltr'><strong>illi</strong></span> <span class='ocrx_word' id='word_1_332' title='bbox 724 3649 850 3726; x_wconf 89' lang='lat' dir='ltr'><strong>plebejis.</strong></span> <span class='ocrx_word' id='word_1_333' title='bbox 892 3650 1003 3708; x_wconf 90' lang='lat' dir='ltr'><strong>Novam</strong></span> <span class='ocrx_word' id='word_1_334' title='bbox 1018 3651 1149 3724; x_wconf 87' lang='lat' dir='ltr'><strong>inexper-</strong></span> 
     </span>
     <span class='ocr_line' id='line_1_42' title="bbox 179 3727 1203 3807; baseline 0.005 -27"><span class='ocrx_word' id='word_1_335' title='bbox 179 3728 200 3755; x_wconf 90' lang='lat'><em>“</em></span> <span class='ocrx_word' id='word_1_336' title='bbox 209 3734 323 3800; x_wconf 87' lang='lat' dir='ltr'><strong>tamque</strong></span> <span class='ocrx_word' id='word_1_337' title='bbox 337 3745 400 3783; x_wconf 86' lang='lat' dir='ltr'><strong>eam</strong></span> <span class='ocrx_word' id='word_1_338' title='bbox 417 3737 582 3801; x_wconf 88' lang='lat' dir='ltr'><strong>potestatem</strong></span> <span class='ocrx_word' id='word_1_339' title='bbox 598 3727 726 3804; x_wconf 66' lang='lat' dir='ltr'><strong>eripuere</strong></span> <span class='ocrx_word' id='word_1_340' title='bbox 740 3729 867 3807; x_wconf 89' lang='lat' dir='ltr'><strong>patribus</strong></span> <span class='ocrx_word' id='word_1_341' title='bbox 881 3729 993 3793; x_wconf 87' lang='lat' dir='ltr'><strong>nostris,</strong></span> <span class='ocrx_word' id='word_1_342' title='bbox 1008 3748 1045 3785; x_wconf 91' lang='lat' dir='ltr'><strong>ne</strong></span> <span class='ocrx_word' id='word_1_343' title='bbox 1059 3747 1148 3802; x_wconf 92' lang='lat' dir='ltr'><strong>nunc,</strong></span> <span class='ocrx_word' id='word_1_344' title='bbox 1198 3781 1203 3792; x_wconf 83' lang='lat'>‚</span> 
     </span>
     <span class='ocr_line' id='line_1_43' title="bbox 180 3801 1149 3890; baseline 0.007 -32"><span class='ocrx_word' id='word_1_345' title='bbox 180 3803 364 3862; x_wconf 86' lang='lat' dir='ltr'><strong>“dulcedine</strong></span> <span class='ocrx_word' id='word_1_346' title='bbox 379 3805 466 3862; x_wconf 87' lang='lat' dir='ltr'><strong>semel</strong></span> <span class='ocrx_word' id='word_1_347' title='bbox 493 3805 577 3881; x_wconf 88' lang='lat' dir='ltr'><strong>capti,</strong></span> <span class='ocrx_word' id='word_1_348' title='bbox 600 3801 692 3890; x_wconf 76' lang='lat' dir='ltr'><strong>selant</strong></span> <span class='ocrx_word' id='word_1_349' title='bbox 712 3807 904 3864; x_wconf 78' lang='lat' dir='ltr'><strong>desiderium:</strong></span> <span class='ocrx_word' id='word_1_350' title='bbox 931 3825 1017 3882; x_wconf 91' lang='lat' dir='ltr'><strong>quum</strong></span> <span class='ocrx_word' id='word_1_351' title='bbox 1032 3825 1149 3883; x_wconf 73' lang='lat' dir='ltr'><strong>praser-</strong></span> 
     </span>
    </p>
   </div>
   <div class='ocr_carea' id='block_1_6' title="bbox 0 0 1320 4228">
    <p class='ocr_par' dir='ltr' id='par_1_6' title="bbox 0 0 1320 4228">
     <span class='ocr_line' id='line_1_44' title="bbox 0 0 1320 4228; baseline 0 3"><span class='ocrx_word' id='word_1_352' title='bbox 0 0 1320 4228; x_wconf 95' lang='lat' dir='ltr'><strong> </strong></span> 
     </span>
    </p>
   </div>
  </div>
 </body>
</html>
