2620 4220
506 353 611 408 LIBER
627 353 748 406 mlv.
767 366 829 406 oar.
841 365 874 404 rr.
1099 352 1158 416 Μ

195 513 267 566 rum,
281 497 423 556 eontineri
436 497 535 556 limine
548 507 696 574 poterant:
723 515 824 555 omnes
844 496 903 554 vius
917 494 996 554 urbis
1008 493 1159 569 aditusque

195 577 522 648 indorumobsidebant,
537 577 611 635 viror
635 576 844 634 descendentes
867 575 904 632 ad
927 573 1019 630 forum
1030 582 1158 639 orantes,
1207 569 1224 588 '

194 665 236 727 ut,
251 654 368 712 florente
382 655 539 730 republioai,
553 665 702 712 oresoente
721 653 751 710 in
765 653 827 710 dies
840 652 949 728 privati
957 650 1089 712 omnium
1105 649 1161 706 t'or·

195 733 276 798 tund,
291 733 427 790 matronis
438 751 550 808 quoqne
564 733 715 808 pristinum
739 741 870 788 ornatum
891 729 972 786 reddi
986 736 1158 803 paterentur.

173 809 365 885 sAugebatur
379 811 441 868 baee
455 811 613 885 frequentia
626 810 778 868 mulierum
791 809 822 866 in
836 808 916 866 dies:
943 825 1010 864 nam
1024 805 1110 862 etiam
1123 823 1161 862 ex

196 889 306 963 oppidis
331 887 823 964 conciliabulisqueeonveniebant.
877 885 944 942 Jam
971 895 1001 942 et
1027 883 1162 940 eonsules

196 976 383 1040 praetoresque
398 967 509 1024 etalios
522 965 703 1042 magistratus
727 965 806 1022 adire
825 974 855 1022 et
873 981 974 1039 rogare
994 960 1160 1018 audebant:

197 1042 332 1100 ueterum
367 1044 484 1100 minime
517 1043 691 1101 exorabilem
729 1042 849 1101 alterum
882 1042 980 1116 utique
1013 1037 1162 1102 consulem

198 1119 239 1177 M.
254 1121 388 1178 Porcium
402 1121 543 1179 Catonem
557 1121 711 1188 habebant,
728 1121 781 1195 qui
801 1139 852 1196 pro
871 1119 946 1196 lege,
967 1135 1030 1192 quae
1044 1117 1162 1192 abroga-

165 1217 188 1257 ιο
197 1198 289 1271 batur,
304 1199 344 1256 ita
357 1199 510 1257 disseruit:

191 1392 198 1404 ·
237 1354 278 1412 II.
300 1355 361 1412 “Si
375 1355 472 1414 insui
484 1357 604 1432 quisque
621 1353 752 1414 nostrum
773 1331 1002 1420 matre-familie,
1020 1348 1162 1419 Quirites,

198 1433 270 1508 “jus
294 1444 323 1490 et
336 1433 524 1508 'majestatem'
547 1435 598 1492 viri
619 1434 744 1491 retinere
774 1432 951 1498 instituisset,
979 1430 1075 1487 minus
1095 1447 1163 1486 eum

198 1511 366 1568 “universis
386 1512 511 1568 foeminis
534 1511 642 1588 negotii
666 1512 845 1568 haberemus.
885 1509 975 1567 Nune
988 1507 1066 1566 domi
1087 1506 1164 1564 vieta

198 1591 217 1625 “
225 1589 341 1646 libertas
354 1599 450 1647 nostra
463 1587 630 1665 impotentia
643 1589 785 1656 muliebri,
810 1589 859 1646 hie
871 1606 982 1663 quoque
996 1586 1025 1643 in
1041 1585 1100 1643 foro
1113 1585 1163 1642 ob-

165 1670 216 1729 15“
225 1668 325 1725 teritur
345 1677 375 1724 et
395 1668 540 1724 ealeatur:
574 1678 612 1735 et,
626 1667 693 1742 quia
706 1667 835 1743 singulas
848 1666 987 1724 sustinere
1001 1683 1059 1722 nou
1075 1662 1164 1738 potui·

198 1748 300 1817 “mns,
321 1745 467 1805 universas
488 1747 648 1803 horremus.
694 1745 845 1820 Equidem
873 1743 997 1801 subulam
1017 1753 1047 1800 et
1067 1741 1164 1800 fiotum

198 1826 286 1880 “rem
300 1823 443 1880 ducebam
457 1841 530 1890 esse,
544 1823 668 1886 virorum
691 1842 776 1880 omne
797 1841 889 1899 genus
910 1822 940 1879 in
954 1821 1049 1896 aliqud
1070 1819 1165 1876 insule

198 1901 423 1976 “conjuratione
443 1901 576 1959 muliebri
597 1902 633 1958 ab
653 1901 740 1978 stirpe
753 1901 896 1958 sublatum
909 1918 981 1956 esse.
1023 1898 1072 1954 Ab
1085 1897 1165 1954 nullo

198 1982 332 2054 “genere
345 1998 403 2036 non
417 1999 560 2037 summurn
581 1977 741 2055 perieulum
754 1990 807 2052 est,
828 1979 854 2036 si
867 1990 967 2048 ooetus,
980 1987 1010 2034 et
1030 1975 1163 2046 eoncilia,

163 2059 255 2115 ao“et
268 2067 393 2122 secretas
414 2057 713 2125 oonsultationeeesse
734 2057 820 2114 sinas.
862 2057 958 2131 Atque
971 2072 1027 2130 ego
1040 2053 1087 2124 via
1107 2062 1163 2109 sta-

198 2137 305 2192 “tuere
320 2135 395 2209 apud
408 2135 536 2192 animum
551 2155 647 2194 meum
667 2154 791 2211 possum,
813 2135 912 2192 utrum
932 2133 1010 2210 pejor
1034 2132 1164 2207 ipsares,

198 2215 264 2288 “an
278 2213 372 2288 pejore
386 2213 516 2288 exemplo
530 2226 649 2288 agatur:
682 2233 802 2288 quorum
825 2214 944 2270 alterum
967 2211 1003 2268 ad
1023 2229 1075 2268 nos
1095 2227 1165 2266 oon-

101 2307 106 2316 ·
198 2291 302 2347 “sules
328 2291 506 2382 reliquosque
533 2292 724 2367 magistratus,
745 2291 865 2350 alterurn
892 2291 928 2348 ad
944 2309 1001 2356 ros,
1021 2287 1163 2355 Quirites,

198 2369 318 2444 “magis
331 2379 494 2444 pertineret.
536 2369 613 2427 Nam
627 2368 721 2428 utrum
735 2389 752 2428 e
766 2389 796 2428 re
810 2369 925 2444 publicai
938 2367 983 2435 sit,
1002 2385 1107 2440 neone,
1122 2365 1162 2432 id,

164 2447 217 2504 as“
226 2448 300 2521 quod
315 2447 415 2504 advos
436 2448 534 2514 sertur,
557 2458 649 2504 vestra
662 2448 834 2507 existimatio
855 2457 908 2519 est,
921 2446 970 2522 qui
992 2445 1022 2502 iu
1036 2443 1165 2518 suffragi·

198 2527 276 2582 “um
304 2525 369 2582 ituri
389 2525 467 2582 estis.
522 2525 596 2596 Haee
626 2526 818 2584 oonsternetio
846 2525 1003 2595 muliebris,
1031 2523 1090 2580 sive
1111 2523 1164 2578 sue

198 2606 218 2638 ‘⁶
226 2614 336 2676 sponte,
358 2604 416 2661 sive
441 2604 607 2668 auctoribus
625 2603 715 2672 vobis,
737 2604 778 2662 M.
793 2603 928 2669 Fundani
948 2611 978 2658 et
997 2600 1031 2658 L.
1053 2599 1163 2667 Valeri,

199 2681 364 2752 “iaotaest,
379 2682 559 2740 hauddubie
577 2682 613 2740 ad
625 2682 750 2758 ‘oulpam
768 2681 985 2757 magistratuum
1005 2677 1164 2754 pertinens,

199 2759 437 2834 “nescimrobis,
452 2760 569 2826 tribuni,
590 2779 627 2816 an
648 2760 823 2826 oonsulibus,
845 2757 937 2834 magis
949 2757 987 2814 sit
1007 2755 1163 2823 deformis:

164 2853 190 2896 to
199 2839 218 2872 “
228 2837 315 2907 vobis,
330 2837 353 2894 si
367 2838 498 2904 foeminas
512 2838 547 2897 ad
562 2836 927 2899 concitandastribunioias
938 2833 1093 2892 seditiones
1104 2833 1165 2908 jam

199 2917 219 2950 “
230 2915 405 2984 adduxistis,
427 2915 519 2987 nobis,
540 2916 574 2988 si,
596 2926 627 2972 ut
640 2916 730 2992 plebis
743 2916 897 2990 quondam,
915 2913 958 2970 sio
972 2931 1050 2969 nuno
1064 2910 1165 2968 mulie·

198 2993 291 3050 “rum
312 2995 473 3054 secessione
503 2995 581 3070 leges
612 2995 788 3070 aecipiendae
809 3004 884 3050 sunt.
938 2991 1081 3064 Equidem
1105 3006 1164 3046 non

199 3071 290 3127 “sine
305 3072 407 3134 rubore
420 3073 543 3146 quodam
561 3071 645 3148 peuld
663 3071 728 3128 ante
742 3090 792 3146 per
805 3070 931 3128 medium
947 3087 1050 3144 agmen
1065 3065 1165 3131 mulie·

200 3153 291 3206 “rum
311 3151 341 3206 iu
362 3147 591 3226 sorum'perveni.
615 3149 720 3211 ssudd
735 3149 789 3206 nisi
804 3167 850 3206 me
874 3147 1046 3205 verecundia
1067 3145 1165 3221 singu·

164 3227 319 3284 aa“larum
340 3228 431 3303 magia
461 3228 616 3303 majestatis
645 3239 675 3284 et
694 3227 818 3302 pudoris,
849 3224 935 3301 quern
956 3225 1163 3290 universarum,

200 3308 220 3341 ‘⁶
228 3306 377 3373 tenuisset,
399 3325 436 3362 ne
456 3306 631 3380 oompellatre
646 3325 662 3362 a
676 3305 793 3376 oonsule
815 3304 988 3376 viderentur,
1009 3304 1163 3360 dixissem:

200 3385 238 3421 ‘⁶‘
247 3381 309 3444 Qui
323 3384 371 3440 hie
384 3403 445 3440 mos
459 3394 503 3440 est
523 3383 553 3440 in
576 3384 722 3458 publicum
746 3382 942 3458 procurrendi,
963 3393 992 3439 et
1012 3378 1164 3439 obsidendi
1228 3405 1234 3409 ·

200 3465 220 3498 “
230 3463 317 3529 ‘vias,
332 3473 361 3519 et
374 3463 447 3519 viros
461 3462 569 3519 alienos
583 3462 742 3538 appellandi
754 3465 766 3518 l
808 3459 888 3519 Istud
903 3461 995 3536 ipsum
1009 3478 1075 3517 suos
1088 3475 1165 3532 quae·

201 3543 221 3576 “
230 3544 302 3614 ‘que
316 3541 392 3598 domi
406 3559 505 3616 rogare
520 3547 576 3598 non
590 3541 742 3616 potuistisl
784 3541 832 3598 Au
855 3539 1016 3597 blandiores
1040 3538 1070 3594 in
1093 3535 1165 3610 pub·

167 3619 305 3676 n“‘lieo
334 3618 420 3694 quim
448 3619 483 3680 in
498 3619 614 3694 privato,
643 3629 672 3676 et
700 3619 801 3676 alienis
821 3617 906 3692 qudm
937 3616 1046 3683 vestris,
1068 3613 1164 3670 estisl

203 3700 222 3733 “
232 3701 418 3772 ‘quamquam
432 3715 469 3754 ne
483 3697 560 3754 domi
573 3697 691 3772 quidem
711 3717 770 3764 vos,
794 3695 818 3754 si
832 3697 875 3756 sui
897 3695 968 3772 juris
989 3693 1094 3751 finibus
1107 3708 1166 3748 ma·

202 3777 344 3834 “‘tronas
358 3777 517 3834 contineret
536 3773 636 3852 pudor,
656 3795 720 3852 quae
739 3776 818 3852 leges
831 3775 879 3832 blo
891 3777 1068 3849 rogarentur,
1087 3769 1166 3828 abro-
