2630 4228
135 287 222 360 ἰω
551 295 621 346 tuat
638 293 723 345 alvu

198 439 235 497 V.
256 435 398 496 Caurum
412 455 449 496 ex
461 456 518 512 quo
531 437 579 494 die
593 439 652 494 dux
666 447 710 494 est
723 435 893 509 declaratus,
907 437 984 494 velut
996 433 1082 495 Italia
1093 435 1124 496 ei

158 517 304 594 provincia
327 516 452 587 decreta,
478 515 638 590 bellumque
663 515 827 573 Romanum
849 517 1015 572 mandatum
1035 527 1122 584 esset,

158 595 229 654 nihil
242 594 440 669 prolatandum
453 605 538 663 ratus,
553 613 590 651 ne
604 613 635 650 se
657 613 777 668 quoque,
799 605 830 650 ut
852 606 960 670 patrem
978 595 1123 651 Hamilca-

157 692 226 743 rem,
242 673 347 730 deinde
363 671 583 743 Hasdrubalem,
597 683 782 728 cunctantem
806 691 893 729 casus
915 672 1016 747 aliquis
1029 673 1122 748 oppri-

157 763 256 808 meret.
298 751 466 826 Saguntinis
489 750 593 806 inferre
618 750 723 806 bellum
747 751 864 807 statuit:
897 751 1157 825 quibusoppug·s

156 830 260 886 naudis
274 829 340 904 quia
354 830 429 886 haud
444 827 529 884 dubie*
545 828 680 886 Romana
693 845 770 884 arma
783 829 975 898 movebantur,
991 829 1021 886 in
1034 828 1122 886 Olca-

156 909 225 964 dum
240 907 312 964 lines
325 907 402 982 priris
417 906 505 984 (ultra
522 907 634 964 lberum
649 925 684 963 ea
697 925 769 982 gons
783 907 812 964 in
827 918 905 984 parte
919 907 1020 996 magis,
1034 905 1121 981 quam

155 986 186 1042 in
214 986 332 1057 ditione,
360 985 640 1074 Carthaginiensium
668 987 741 1062 erat)
767 985 880 1042 induxit
899 985 1069 1058 exercitum,
1090 995 1122 1041 ut

155 1083 213 1122 non
235 1064 339 1138 petisse
361 1063 545 1140 Saguntinos,
567 1064 617 1120 sed
638 1082 733 1120 rerum
754 1064 837 1130 serie,
859 1063 987 1120 finitimis
1007 1062 1122 1120 domitis

155 1142 299 1218 gentibus,
321 1141 535 1217 jungendoque,
560 1152 667 1198 tractus
680 1142 716 1198 ad
737 1141 766 1197 id
781 1105 887 1198 bellurn
909 1141 997 1198 rideri
1017 1151 1119 1215 posset.
1131 1161 1160 1202 ιο.

155 1220 309 1294 Carteiam,
336 1221 436 1274 urbem
457 1219 632 1292 opulentam,
652 1231 738 1306 caput
758 1219 852 1294 gentis
872 1220 944 1294 ejus,
966 1229 1119 1294 expugnat,

155 1297 318 1386 diripitque3
356 1296 426 1356 Quo
440 1307 517 1352 metu
531 1295 669 1370 perculsae
684 1295 807 1352 minores
825 1297 964 1363 civitates,
979 1297 1122 1370 stipendio

155 1375 296 1450 imposito,
311 1374 460 1449 imperium
475 1375 621 1447 accepere.
663 1373 763 1430 Victor
784 1374 934 1444 exercitus,
957 1375 1121 1448 opulentus-

154 1471 210 1526 que
224 1453 331 1527 prada,
357 1451 560 1526 Carthaginem
583 1449 725 1508 Novam'
719 1469 747 1508 tn
770 1451 889 1510 hiberna
902 1463 946 1508 cst
969 1452 1119 1508 deductus.

57 1555 64 1572 ·
154 1530 200 1587 Ibi
214 1530 293 1604 large
307 1529 465 1618 partiendo
470 1529 604 1617 praedant,
619 1528 762 1603 stipendio
775 1530 991 1620 praeteritocuut
1004 1529 1059 1586 lide
1073 1549 1123 1588 ex·
1132 1551 1156 1589 rs

154 1609 297 1677 solvendo,
312 1607 426 1664 cunctis
439 1605 545 1664 civium
559 1606 757 1682 sociorumque
779 1607 882 1664 animis
904 1608 934 1666 in
947 1627 978 1664 se
994 1609 1120 1676 firmatis,

154 1705 221 1742 rere
235 1687 326 1760 primo
340 1686 369 1742 in
385 1686 522 1742 Vaccaeos
544 1695 702 1760 promotum
725 1685 840 1742 bellum.
883 1686 1080 1744 Hermandica
1092 1698 1123 1744 et

155 1765 302 1822 Arbocala
315 1764 401 1822 urbes
416 1765 441 1822 vi
456 1775 555 1838 captae.
585 1763 729 1822 Arbocala
742 1774 770 1822 et
780 1764 882 1822 virtute
895 1776 925 1822 et
939 1765 1121 1824 multitudine

153 1843 359 1918 oppidanorum
374 1842 424 1900 diu
439 1842 564 1899 delenm.
608 1842 656 1898 Ab
671 1842 868 1900 Hermandica
883 1843 1004 1918 profugi,
1018 1843 1121 1900 exsuli·

154 1921 208 1978 bus
221 1921 374 1990 Olcadum,
389 1921 482 1996 priore
496 1931 593 1977 estate
612 1920 725 1978 domiue
747 1920 850 1995 gentis,
869 1939 956 1995 quum
971 1940 1001 1978 so
1012 1921 1158 1996 jannis-ao

154 2010 227 2070 sent,
242 2000 388 2056 concitant
402 2000 594 2073 Carpetanos:
622 1998 768 2072 adortique
793 1998 988 2056 Hatrnibaletn
1012 2019 1121 2075 regres-

154 2097 217 2136 sunt
232 2097 268 2134 err
282 2078 423 2147 Vaccaeis,
448 2077 523 2136 haud
545 2077 642 2152 procul
667 2075 751 2152 Tago
777 2076 895 2134 flumine
917 2091 1020 2152 agmrm
1035 2095 1121 2152 grave

152 2157 250 2231 praedd
274 2155 448 2214 turbavere!
477 2155 621 2212 Hannibal
646 2155 748 2230 proelio
774 2155 928 2224 abstinuit;
963 2157 1121 2229 castrisque

153 2253 237 2308 super
249 2234 336 2308 ripam
350 2234 459 2308 positis,
474 2251 560 2306 quum
582 2233 672 2307 prima
684 2233 766 2306 quies
788 2233 988 2308 silentiumque
1009 2234 1047 2290 ab
1059 2234 1122 2290 hos·

153 2311 229 2368 tibus
250 2311 312 2377 suit,
334 2329 447 2368 amnem
470 2311 541 2366 vado
561 2310 688 2384 trajecit:
722 2311 848 2384 valloque
871 2312 910 2368 ita
927 2311 1157 2386 produntque

152 2388 248 2444 locutu
270 2388 305 2444 ad
328 2387 594 2463 transgrediendum
626 2388 721 2444 hostes
742 2387 890 2460 haberent,
915 2389 1050 2446 invadere
1071 2407 1122 2446 cos

154 2475 336 2522 transeuntes
350 2466 456 2524 statuit.
467 2483 489 2509 r·
499 2463 650 2540 Equitibus
663 2467 811 2541 pracepit,
826 2479 866 2533 ut,
875 2486 962 2541 quum
977 2467 1121 2542 ingressos

152 2562 256 2617 aquarn
270 2544 408 2610 viderent,
424 2543 611 2602 adorirentur.
653 2543 784 2602 Peditum
800 2564 903 2619 agmen
926 2545 957 2602 in
980 2545 1050 2620 ripa,
1064 2545 1121 2602 ele·

151 2621 273 2696 phantos
299 2622 365 2680 aute
386 2623 574 2698 quadraginta
598 2622 742 2696 disposuit.
798 2623 1023 2697 Carpetanorum
1051 2642 1119 2680 curn

152 2701 359 2775 appendicibus
373 2699 517 2758 Olcadum
531 2700 778 2774 Vaccaeorumquc
788 2711 905 2758 centurn
920 2701 1008 2758 millia
1022 2701 1101 2758 lubre
1110 2720 1118 2770 ;
1128 2717 1154 2757 ao

152 2777 260 2836 invicta
273 2779 360 2846 acies,
385 2779 408 2836 si
423 2797 504 2853 aequo
525 2777 708 2836 dimicaretur
722 2797 832 2852 campo.
874 2778 974 2853 ltaque
996 2790 1025 2836 et
1040 2779 1117 2854 inge·

151 2857 200 2914 nio
215 2856 332 2926 seroces,
346 2869 375 2913 et
389 2857 571 2912 'multitudine
586 2855 660 2925 lreti,
682 2866 712 2913 et
725 2855 802 2929 quod
823 2866 900 2912 metu
923 2857 1043 2914 cessisse
1058 2875 1117 2913 cre·

151 2934 259 2992 dabant
285 2935 405 3005 hostem,
433 2933 460 2990 id
483 2931 585 2990 morari
613 2933 759 2990 victoriam
786 2934 848 3002 rati,
873 2932 947 3024 quod
968 2934 1119 2992 interesset

152 3013 255 3084 amnis,
269 3012 393 3068 clamore
406 3011 527 3074 sublato,
542 3010 646 3084 passim
661 3010 723 3066 sine
745 3011 851 3068 ullius
845 3013 972 3086 imperio,
978 3013 1043 3086 qud
1057 3011 1118 3068 cui-

150 3108 206 3163 que
220 3089 381 3163 proximum
394 3100 445 3159 est,
461 3089 491 3145 in
506 3105 620 3144 amnem
635 3098 730 3144 ruunt.
752 3087 839 3146 Eteri
852 3102 930 3164 parte
947 3090 1070 3146 altera
1048 3106 1152 3164 rrpaeas

151 3166 192 3222 vis
207 3167 310 3240 ingens
323 3167 450 3254 equiturn
465 3167 494 3224 in
509 3166 634 3222 flumen
628 3165 753 3222 tnunissa
756 3167 925 3241 medioque
934 3167 1013 3224 alveo
1028 3168 1115 3224 haud·

151 3247 289 3318 quaquam
312 3245 371 3317 pari
386 3245 542 3302 certamine
563 3263 753 3313 concursum3
781 3244 885 3334 quippe
900 3246 949 3301 ubi
972 3245 1082 3321 pedes
1075 3264 1118 3302 ιιι-

151 3321 268 3391 stabilis‚
284 3321 379 3394 acflix
392 3322 464 3378 vado
477 3319 579 3393 fidens,
594 3323 636 3378 vel
651 3323 708 3378 ab
702 3323 803 3380 inermi
817 3323 921 3412 equite,
935 3343 1008 3397 equo
1029 3335 1118 3380 terne·

150 3399 181 3456 re
196 3411 260 3456 acto
262 3399 403 3473 ,perverti
417 3411 528 3489 posset3
550 3419 647 3474 eques,
662 3419 778 3490 corpore
793 3400 934 3475 armisque
948 3401 1028 3472 liber,
1044 3419 1152 3518 equo⁴⁰

151 3477 195 3534 vel
211 3496 260 3553 per
273 3477 381 3534 medios
393 3478 520 3553 gurgites
534 3479 638 3545 stabili,
660 3480 791 3536 corninus
804 3479 972 3553 eminusque
994 3499 1053 3536 rem
1067 3478 1152 3554 ge·⁴⁰

151 3566 235 3614 reret.
258 3555 328 3612 Pars
337 3575 441 3632 magna
449 3555 567 3614 flumine
580 3558 744 3632 absumpta:
760 3558 887 3632 quidam,
903 3558 1044 3616 vorticoso
1058 3577 1117 3614 am·

150 3635 180 3692 ni
204 3634 290 3692 delati
312 3634 340 3690 in
363 3635 467 3702 hostes,
492 3635 528 3691 ab
548 3635 707 3709 elephantis
733 3635 829 3692 obtriti
853 3646 939 3692 runt:
972 3635 1117 3710 postremi,

150 3714 253 3786 quibus
266 3731 412 3788 regressus
423 3714 460 3772 in'
468 3732 547 3770 suam
563 3712 652 3787 ripam
674 3713 760 3770 tutior
776 3713 839 3786 suit,
853 3732 889 3770 ex
903 3715 982 3772 varia
994 3715 1118 3791 trepida-
