2620 4220
486 373 590 422 Lissa
605 373 661 422 XL.
695 388 757 424 cae.
769 389 825 423 xrv.
1085 377 1146 437 273

175 521 199 555 '“
209 515 319 582 utrum,
334 523 366 572 ut
378 514 522 590 placarem
536 525 575 583 te,
590 515 685 572 danda
698 535 785 590 opera
806 516 867 587 fuit,
892 527 925 573 ut
938 515 1022 573 aliam
1039 537 1147 592 qurere-

87 657 89 660 ,
177 599 267 652 “rem
281 594 474 660 occasionem,
488 594 621 668 quoniam
637 595 725 650 semel
741 613 882 652 venenum
897 598 1080 670 paraveramf
1109 615 1146 654 an

150 674 152 679 ’
178 678 196 710 “
206 672 243 746 ab
256 671 305 728 illo
318 671 439 728 consilio
453 672 529 728 velut
549 672 767 728 transiliendum
789 674 825 729 ad
844 673 921 730 aliud
936 673 998 740 fuit,
1020 685 1052 731 ut
1073 675 1147 732 ferro

177 755 246 816 “te,
266 761 296 806 et
315 749 430 823 quidem
450 750 561 817 eodie,
583 769 633 825 per
654 750 779 824 speciem
801 751 1018 824 comissationis,
1032 753 1147 809 occide-

154 830 291 886 s“reml
312 827 403 908 ‘Quo'
429 828 533 884 deinde
562 829 655 893 modo,
678 829 701 884 si
727 841 754 885 te
776 841 853 886 metu
875 829 972 888 mortis
992 831 1146 887 credebam

177 911 320 962 “omnam
343 905 465 962 evitasse
489 924 593 973 meam,
616 926 673 964 uon
696 907 853 964 abeodem
874 918 952 965 metu
973 908 1148 966 comlssatic·

177 987 198 1022 “
207 1003 274 1040 nem
287 1002 398 1058 quoque
412 985 584 1040 evitaturum
597 985 795 1042 existimabam
808 987 820 1042 l

216 1139 300 1198 XIV.
330 1134 425 1197 “Non
441 1151 484 1196 est
497 1159 552 1207 res,
574 1141 631 1215 qud
651 1142 830 1209 erubescam,
851 1154 941 1218 pater,
961 1143 986 1200 si
1007 1143 1054 1200 die
1076 1143 1147 1200 festo

178 1217 281 1274 “inter
302 1218 424 1293 aequales
445 1218 566 1293 largiore
589 1219 654 1276 vino
674 1238 737 1275 sum
753 1239 837 1276 usus:
872 1231 901 1278 tu
917 1241 1037 1296 quoque,
1052 1222 1146 1292 velim,

144 1301 196 1354 1u“
206 1295 342 1370 inquiras,
357 1296 413 1370 qud
428 1296 537 1368 laerjtit,
551 1316 608 1371 quo
621 1297 686 1354 lusu
700 1298 776 1371 apud
790 1317 836 1354 me
850 1299 1025 1356 celebratum
1040 1300 1147 1356 hester-

177 1380 197 1413 ‘⁶
206 1393 275 1431 num
290 1374 452 1432 convivium
468 1375 513 1441 sit,
533 1375 581 1432 illo
594 1375 681 1431 etiam
707 1375 806 1450 (pravo
821 1375 950 1454 forsitan)
965 1378 1071 1452 gaudio
1084 1395 1147 1452 pro·

177 1457 195 1490 ‘⁴
205 1453 337 1522 vehente,
349 1450 423 1526 quiid
439 1451 468 1508 in
480 1452 770 1528 juvenali'armorum
795 1456 951 1511 certamine
965 1473 1030 1530 pars
1050 1465 1148 1511 nostra

177 1535 262 1586 “non
278 1529 394 1587 inferior
416 1530 515 1588 fuerat.
558 1531 673 1600 Miseria
695 1532 756 1588 baec
775 1542 804 1588 et
825 1543 918 1589 metus
938 1533 1083 1607 crapulam
1108 1533 1147 1588 fa·

177 1606 262 1664 “cite
276 1619 485 1678 excusserunt;
513 1629 575 1683 quae
590 1609 614 1665 si
635 1629 693 1666 non
715 1610 944 1678 intervenissent,
966 1611 1146 1667 insidiatores

143 1690 257 1744 15“nos
284 1687 367 1761 sopiti
391 1687 562 1762 jaceremus.
615 1687 647 1746 si
668 1688 783 1744 domum
813 1699 891 1744 tuam
919 1700 1145 1764 expugnaturus,

177 1768 287 1838 “capta
302 1766 394 1835 domo,
417 1765 564 1822 dominum
585 1765 787 1822 interfecturus
805 1785 892 1836 eram,
914 1785 971 1824 non
994 1769 1146 1841 temperas·

177 1848 265 1899 “sem
280 1843 345 1900 vino
360 1843 389 1900 in
405 1863 494 1900 unum
508 1844 608 1900 dieml
639 1862 696 1900 non
713 1843 816 1900 milites
830 1845 1028 1900 abstinuissem
1044 1845 1146 1902 meosl

176 1920 253 1986 “Et,
269 1939 306 1977 ne
320 1941 374 1997 ego
389 1941 439 1976 me
449 1921 525 1978 solus
540 1921 629 1978 nimia
644 1921 824 1996 simplicitate
846 1933 935 1990 tuear,
960 1922 1020 1996 ipse
1034 1939 1145 1996 quoque

177 1998 324 2054 “minime
338 1999 428 2056 malus
443 2018 477 2055 ac
499 1999 632 2074 suspicax
655 1999 751 2068 frater,
775 1997 876 2054 ‘Nihil
900 1999 977 2056 aliud
1001 1999 1082 2070 scio,'
1105 1999 1146 2055 in·

141 2095 167 2136 su
177 2081 196 2114 “
205 2077 275 2151 quit,
297 2077 387 2134 ‘nihil
410 2097 508 2152 arguo,
523 2077 577 2133 nisi
593 2075 666 2151 quud
681 2095 747 2132 cum
771 2076 844 2134 ferro
858 2077 1040 2134 comissatum
1063 2095 1146 2134 vene·

176 2155 308 2212 “‘runt’
350 2156 381 2212 Si
403 2174 539 2230 queram,
562 2156 638 2212 unde
661 2155 689 2210 id
711 2154 803 2229 ipsum
825 2155 934 2221 scieris,
956 2173 1075 2212 necesse
1091 2155 1146 2212 erit

177 2239 233 2290 “te
249 2233 339 2300 fateri,
355 2245 403 2290 aut
417 2233 626 2308 speculatorum
650 2244 762 2289 tuorum
783 2233 897 2307 plenam
919 2234 1035 2290 domum
1057 2232 1144 2290 fuisse

177 2316 311 2382 “meam,
333 2322 382 2370 aut
408 2311 470 2368 illos
498 2312 537 2368 ita
559 2313 656 2386 aperte
678 2311 833 2386 sumpsisse
855 2311 971 2384 ferrum,
993 2323 1024 2368 ut
1043 2329 1145 2368 omnes

177 2389 343 2446 “viderent
387 2389 433 2459 Et,
448 2409 484 2445 ne
499 2389 567 2464 quid
583 2390 642 2464 ipse
658 2400 706 2445 aut
720 2388 798 2463 priris
820 2389 980 2464 inquisisse,
996 2400 1045 2446 aut
1066 2405 1145 2446 nune

141 2467 358 2524 2⁵“criminosd
380 2467 572 2542 argumentari
588 2467 739 2539 videretur,
764 2478 792 2524 te
812 2487 938 2542 quaerere
961 2487 998 2525 ex
1012 2469 1057 2540 iis,
1074 2485 1145 2541 quos

176 2551 196 2584 ‘⁸
205 2545 391 2616 nominasset,
403 2545 531 2620 jubebat,
547 2565 583 2602 an
607 2545 711 2601 ferrum
732 2546 917 2614 habuissent3
944 2557 985 2612 ut,
1000 2557 1145 2619 tamquam

176 2623 234 2680 “in
259 2643 289 2680 re
311 2623 409 2694 dubit,
435 2641 523 2697 quum
545 2624 573 2680 id
597 2623 748 2697 quaesisses
769 2625 843 2697 quod
866 2623 918 2698 ipsi
942 2624 1075 2689 fatentur,
1095 2641 1145 2696 pro

174 2701 344 2758 “convictis
367 2702 548 2759 haberentur.
597 2701 680 2762 Quin
694 2712 725 2758 tu
751 2701 819 2757 illud
843 2701 930 2775 quaeri
955 2701 1049 2776 jubes,
1074 2719 1143 2756 num

176 2779 245 2836 “tui
259 2780 411 2836 occidendi
426 2783 512 2836 causd
537 2780 642 2837 ferrum
657 2779 852 2854 sumpserint?
882 2797 950 2835 num
966 2797 1011 2834 me
1026 2788 1143 2834 auctore

141 2863 195 2912 au“
204 2868 233 2914 et
246 2858 378 2914 scientef
420 2858 485 2914 lloc
507 2859 585 2917 enim
610 2858 699 2914 videri
722 2857 771 2926 vis,
791 2876 849 2913 non
863 2857 942 2924 illud,
964 2857 1039 2930 quod
1055 2856 1144 2912 faten-

175 2941 195 2974 “
204 2946 260 3002 tur,
275 2946 303 2993 st
317 2935 409 3011 paldm
424 2948 475 3006 est,
490 2948 519 2992 et
532 2938 576 2993 sui
590 2955 621 2992 se
635 2935 734 2992 tuendi
760 2938 844 2991 causa
865 2936 1019 3010 sumpsisse
1033 2935 1143 2991 dicunt.

176 3013 300 3070 “Recte*
316 3033 352 3070 an
367 3033 513 3089 perperam
536 3015 667 3079 feceriut,
694 3014 746 3088 ipsi
771 3013 815 3069 sui
838 3013 904 3071 facti
927 3013 1066 3070 rationem
1080 3011 1144 3068 red-

176 3092 282 3149 “dent
324 3091 422 3148 Meum
437 3111 563 3160 causam,
577 3111 640 3167 quae
654 3091 725 3148 nihil
750 3111 785 3148 eo
809 3091 884 3148 facto
905 3091 1091 3166 contingitur,
1106 3107 1143 3146 ne

176 3175 195 3210 “
204 3170 374 3238 miscueris3
401 3181 451 3227 aut
463 3171 585 3244 explica,
600 3169 698 3226 utrum
713 3169 808 3244 aperte
821 3189 857 3226 an
866 3170 940 3226 elam
952 3181 980 3226 te
995 3187 1145 3244 aggressu·

141 3248 227 3305 ss“ri
255 3248 400 3304 fuerimus.
444 3249 475 3304 Si
502 3249 608 3323 aperte‘,
636 3267 687 3304 cur
714 3267 771 3304 non
795 3266 895 3304 omncs
920 3248 1024 3304 ferrum
1045 3246 1143 3303 habui-

175 3327 290 3383 “musl
324 3346 375 3392 cur
390 3345 475 3384 nemo
489 3338 590 3401 praeter
603 3344 662 3393 eos,
685 3325 733 3399 qui
756 3336 837 3382 tuum
861 3325 1068 3400 speculatorem
1084 3323 1144 3399 pul·

175 3405 324 3461 “sdruntl
352 3403 375 3460 si
390 3404 474 3476 clam,
489 3404 552 3478 quis
562 3405 632 3461 ordo
645 3403 757 3460 consilii
773 3403 848 3460 fuitl
890 3403 1028 3460 Convivio
1041 3402 1143 3474 soluto,

176 3490 291 3556 “quum
314 3482 480 3540 comissator
501 3501 555 3557 ego
576 3482 783 3553 discessissem,
807 3492 927 3556 quatuor
941 3481 1142 3548 substitissent,

176 3568 237 3618 “ut
264 3561 387 3636 sopitum
415 3572 443 3618 te
468 3559 716 3635 aggrederenturl
750 3561 892 3634 quomodo
916 3559 1091 3627 fefellissent,
1114 3569 1143 3615 et

142 3656 167 3696 so
177 3647 196 3678 “
206 3639 303 3705 alieni,
317 3654 346 3695 et
359 3639 426 3711 mei,
441 3649 470 3695 et
481 3637 606 3694 maxims
622 3637 756 3712 suspecti,
771 3637 837 3711 quia
850 3636 933 3713 pauld
952 3637 1019 3694 ante
1037 3637 1066 3692 in
1081 3635 1143 3692 rixft

176 3717 339 3774 “fuerantl
374 3717 515 3790 quomodo
540 3727 643 3784 autem,
666 3714 866 3783 trucidatore,
889 3715 942 3789 ipsi
956 3714 1068 3771 evasuri
1083 3713 1143 3770 fue·

176 3795 282 3854 “riutl
306 3806 425 3870 quatuor
442 3794 546 3872 gladiis
560 3794 661 3851 domus
674 3803 723 3850 tua
736 3793 800 3868 capi
815 3804 844 3850 et
857 3793 1014 3869 expugnari
1028 3791 1118 3869 potuit
1130 3794 1142 3849 l
