2620 4220
153 320 218 384 m
465 261 715 372 't'ttttmt

193 461 341 522 XXXIX.
362 463 516 522 Claudium
530 465 688 534 consulem,¹
702 463 860 539 prolectum
881 464 999 522 undem
1017 464 1056 522 ab
1068 465 1127 525 Ur·

154 541 201 608 be,
217 541 289 598 inter
301 551 398 616 portus
411 542 558 600 Cosanum
580 542 829 616 Laumtauumqne
842 551 924 600 atrox
943 543 986 600 ris
998 553 1126 620 tempes-

154 619 220 676 tatis
234 618 333 680 adorta
346 619 376 676 in
395 631 502 676 metum
527 620 673 694 ingentem
687 619 814 676 adduxit
856 619 1029 694 Populoniae
1053 622 1125 680 inde

154 715 241 770 quum
255 697 440 770 pervenisset,
455 695 635 772 stetissetque
658 697 707 767 ibi,
728 697 797 754 dum
815 696 955 771 reliquum
969 707 1125 772 tempesta-

155 775 190 830 tis
204 774 362 840 eminet,
378 774 467 832 llvam
482 774 614 840 insulam,
625 785 654 832 et
668 775 704 832 ab
719 773 953 842 limicensium,
968 794 986 832 a
999 775 1125 834 Corsica
1145 786 1160 824 ⁵

155 853 184 908 in
217 852 379 908 Sardiniam
406 853 526 928 trajecit.
580 851 626 910 Ibi
647 863 828 926 superantem
855 851 977 910 Insanos
997 864 1124 925 montes,

154 927 243 986 multd
261 941 291 985 et
304 930 403 987 savior
424 941 453 986 et
478 930 670 987 infestioribus
683 929 754 988 locis
768 941 922 1005 tempestas
943 931 1041 988 adorta
1065 931 1124 988 dis·

152 1007 223 1082 jecit
235 1007 364 1064 classem.
407 1007 506 1064 Multae
519 1019 658 1083 quassate
671 1008 911 1082 armamentisque
931 1008 1058 1083 spoliate
1071 1027 1125 1065 na·

155 1104 220 1142 sesi
241 1086 370 1159 quiedam
385 1085 489 1144 fractas.
531 1087 576 1144 Ita
589 1097 689 1144 vexata
702 1105 736 1144 ac
750 1086 875 1154 lacerata
888 1085 989 1144 classis
1001 1085 1124 1144 Carales

155 1163 265 1220 tenuit:
287 1164 335 1220 ubi
350 1165 418 1222 dum
432 1165 581 1222 subductae
593 1164 761 1222 reficiuntur
779 1183 876 1232 nares,
900 1164 995 1222 hiems
1007 1183 1124 1240 oppres·
1135 1174 1161 1214 ¹⁰

154 1241 209 1298 sit:
242 1241 505 1317 circumactumque
529 1242 595 1300 anni
617 1245 751 1318 tempus;
784 1254 824 1309 et,
845 1243 925 1302 nullo
951 1253 1123 1318 prorogante

155 1317 1123 1456 ttun..itsult.ln‘¹n.t¹nu.tnu.ttzut

155 1474 292 1532 dictatore
313 1475 391 1532 dicto
404 1475 440 1532 C.
454 1477 574 1534 Servilio
588 1477 727 1547 Gemino,
751 1478 781 1534 in
794 1477 971 1552 provinciam
992 1487 1039 1534 est
1058 1496 1124 1552 pro·

155 1551 256 1608 lectus.
310 1552 439 1610 Dictator
470 1556 637 1630 magistrum
666 1555 793 1630 equitnm
814 1555 847 1612 P.
868 1555 978 1612 AElium
1010 1554 1160 1612 Paetumu

155 1630 234 1686 dixit.
277 1631 361 1706 Saepe
375 1633 491 1700 comitia
511 1634 620 1690 indicta
642 1633 741 1709 perfici
762 1643 946 1708 tempestates
968 1632 1124 1708 prohibue-

155 1717 240 1764 runt:
261 1707 366 1782 itaque,
378 1729 466 1784 quum
481 1711 570 1785 pridie
591 1711 656 1768 idus
680 1709 798 1768 Martias
822 1722 932 1768 veteres
953 1710 1123 1785 magistratu

156 1785 290 1855 abissent¹
305 1788 370 1844 novi
384 1789 496 1846 suffecti
512 1809 568 1846 non
582 1800 687 1859 essent,
711 1789 873 1864 respublica
893 1789 957 1846 sine
972 1789 1125 1846 curulibus

157 1865 368 1940 magistratibus
386 1877 455 1924 erat.
496 1867 534 1924 T.
550 1867 676 1924 Manlius
690 1867 853 1942 Torquatus
875 1866 1004 1940 pontifex
1022 1885 1059 1924 eo
1072 1885 1124 1923 an·

156 1960 194 2000 nu
208 1955 352 2001 mortuus:
387 1945 417 2002 in
440 1945 534 2002 locurn
557 1946 620 2020 ejus
641 1945 778 2017 suffectus
801 1945 836 2002 C.
852 1944 997 2019 Sulpicius
1018 1944 1161 2004 eatbam

157 2021 205 2078 Ab
219 2021 253 2078 L.
268 2021 381 2082 Licinio
395 2023 517 2080 Lucullo
529 2033 559 2080 et
571 2023 611 2084 Q.
626 2023 728 2080 Fulvio
748 2023 878 2080 edilibus
899 2023 1046 2080 curulibus
1060 2022 1123 2080 ludi

156 2097 282 2156 Romani
297 2112 339 2158 ter
353 2101 403 2159 toti
417 2101 574 2174 instaurati.
616 2100 773 2160 Pecuniam
787 2121 823 2158 ex
839 2101 939 2160 aerario
960 2101 1062 2158 scribae
1083 2101 1125 2158 si-

157 2179 548 2323 tttttldllttrlt
562 2180 949 2316 nhtttttttt‘lttt
970 2189 1124 2314 tmhtti

156 2331 276 2390 Tubero
288 2344 317 2390 et
330 2334 364 2390 1.
379 2334 525 2406 Laetorius,
540 2336 639 2394 aediles
650 2337 741 2411 plebis
759 2335 826 2394 sitio
839 2335 938 2403 creati,
952 2335 1123 2410 magistratu
1132 2342 1161 2383 ὃ

110 2413 113 2419 ’
156 2429 186 2468 se
201 2409 379 2484 abdicarunt,
389 2431 475 2487 quum
487 2413 569 2472 ludos
579 2413 766 2490 ludorumque
776 2417 863 2474 causa
874 2413 990 2488 epulum
1002 2411 1067 2470 tovi
1080 2413 1123 2470 se-

155 2487 273 2560 cissent,
286 2499 317 2546 et
328 2489 411 2565 signa
423 2491 478 2548 tris
490 2511 526 2548 ex
540 2491 698 2550 multaticio
711 2505 829 2568 argento
843 2491 920 2550 sacta
933 2492 963 2550 in
977 2490 1123 2566 Capitulio

156 2565 326 2643 posuissent.
368 2570 499 2628 Cerealia
511 2570 594 2628 ludos
607 2571 728 2630 dictator
750 2582 780 2628 et
793 2570 928 2647 magister
940 2569 1069 2644 equiturn
1083 2587 1122 2626 ea

155 2647 412 2706 senatus-consulto
425 2648 564 2706 lecerunt.

196 2803 263 2862 XL.
291 2804 392 2882 Legati
410 2825 447 2864 ex
461 2805 559 2864 Africi
573 2806 700 2864 Rotnani
714 2804 797 2864 simul
811 2803 1124 2886 Carthaginiensesque
1133 2814 1161 2855 ω

156 2900 245 2957 quum
259 2884 404 2942 venissent
416 2885 552 2952 Romam,
567 2896 683 2942 senatus
704 2885 740 2946 ad
755 2884 845 2940 adem
860 2883 986 2940 Bellonae
1009 2882 1126 2938 habitus

156 2971 216 3018 est:
237 2961 288 3018 ubi
300 2979 388 3036 quum
403 2961 435 3018 t.
450 2962 586 3019 Veturius
600 2962 691 3029 Philo,
714 2971 872 3038 pugnatum
885 2979 952 3018 cnm
975 2959 1126 3017 Hanniba·

156 3037 184 3096 le
197 3057 261 3096 esse
274 3039 407 3114 supremi
420 3038 707 3114 Carthaginiensibus
726 3042 832 3116 pugni,
849 3039 993 3114 finemque
1006 3038 1125 3096 tandem

157 3116 271 3191 lugubri
287 3117 361 3175 bellu
375 3117 546 3192 impositum,
561 3117 670 3194 ingenti
685 3117 780 3179 tentis
795 3117 912 3174 Petrum
926 3116 1125 3192 exposuissem

158 3194 274 3271 adjecit,
289 3193 564 3267 Verminam-etiam,
586 3195 726 3270 Syphacis
749 3195 849 3266 filium,
873 3191 938 3270 quas¹
951 3211 1036 3270 parva
1049 3194 1162 3252 bene&

158 3283 247 3350 geetae
260 3271 302 3330 rei
316 3273 445 3330 accessio
465 3285 535 3346 erat,
556 3274 719 3330 devictum:
750 3273 964 3337 incuuciunerb
980 3272 1048 3329 inde
1061 3290 1127 3346 pro·

158 3351 220 3410 dire
231 3351 336 3426 jussus,
351 3351 544 3428 gaudiumque
557 3352 586 3408 id
597 3352 700 3427 populo
709 3352 861 3427 impertire.
903 3351 983 3410 Tum
996 3351 1125 3424 patuere,

159 3429 234 3488 sacti
248 3428 445 3506 gratulatione,
456 3430 553 3486 omnia
566 3430 596 3488 in
621 3431 690 3488 urbe
708 3429 823 3504 templa,
847 3428 1127 3504 supplicationesque

159 3509 190 3568 iu
204 3507 329 3566 triduum
343 3509 475 3566 decreta.
517 3508 634 3584 Legatis
647 3508 929 3584 Carthaginiensium
950 3517 980 3564 et
1000 3504 1127 3580 Philippi

160 3586 236 3663 regis
259 3584 338 3663 (narn
354 3586 374 3644 ii
395 3605 505 3660 quoque
530 3588 678 3665 venerant)
702 3587 875 3662 petentibus,
889 3596 921 3642 ut
934 3595 1050 3642 senatus
1071 3583 1164 3643 sitin

36 3663 40 3670 ’
161 3665 285 3736 daretur,
299 3681 464 3740 responsum
477 3665 558 3739 jussu
580 3663 696 3721 Parrum
718 3666 754 3722 ab
767 3665 906 3722 dictatore
919 3673 972 3732 est‚·
983 3661 1129 3720 'consules

161 3757 248 3800 noros
261 3743 304 3800 eis
317 3752 447 3802 senatum
461 3743 577 3824 daturos
589 3759 661 3798 esse.
703 3743 827 3802 Comitia
840 3743 908 3800 inde
924 3741 1038 3802 habita:
1065 3757 1130 3798 cre-
