2632 4224
529 349 633 402 LIBER
649 351 670 400 l.
698 363 759 402 aar.
770 365 829 400 ur.
1121 349 1164 408 25

55 509 59 520 ·
198 493 297 558 dorum
316 491 420 550 virtute
443 503 526 569 atqua
550 491 661 552 sortunl
685 493 826 572 positum:
860 491 955 568 itaque
978 487 1047 568 ergo
1069 489 1160 548 erecti

125 640 129 652 Ι
197 559 387 706 ῗιερθῃεὶῳιθ
411 571 440 628 in
463 573 580 629 minime
604 583 715 648 gramm
734 571 927 648 spectaculum
949 569 1044 626 animo
1069 570 1160 626 inten-

126 666 130 712 ·,
221 661 317 706 untur.
359 650 449 708 Datur
460 651 573 726 signum
587 670 594 705 ε
610 650 775 725 infestisque
786 650 882 716 armis,
897 647 974 705 velut
984 648 1070 719 acies,
1085 648 1158 704 terni

194 713 327 814 iuvenes,
352 747 518 804 magnorum
543 729 720 786 exercituum
744 728 853 785 animos
875 737 1016 802 gerentes,
1040 745 1160 783 concur-

175 816 285 882 5rrunt:
306 825 360 864 nec
375 807 419 864 his
433 827 489 864 nec
502 807 556 866 illis
569 807 727 884 periculum
738 825 837 876 suum;
853 805 998 882 publicum
1010 803 1159 878 imperium

192 873 400 960 iservitiumqne
413 887 577 944 obversatur
591 885 695 956 animo,
721 884 869 960 futuraque
893 901 928 940 ea
945 883 1048 939 deinde
1063 883 1159 957 patriae

192 962 318 1038 fortuna,
343 983 430 1037 quarn
453 965 506 1040 ipsi
531 964 674 1024 fecissent.
723 963 762 1020 Ut
785 964 875 1038 primo
899 961 992 1020 statim
1018 979 1159 1018 concursu
1223 991 1228 1004 ·

196 1036 366 1118 increpuere
381 1061 468 1116 arma,
495 1043 690 1117 micantesque
705 1041 808 1100 fulsere
832 1041 930 1116 gladii,
946 1041 1042 1096 horror
1058 1038 1159 1114 ingens

199 1127 359 1212 qpectanpss
382 1121 564 1198 perstringit3
599 1133 637 1187 et,
662 1123 762 1177 neutro
787 1119 924 1176 inclinata
948 1137 1008 1194 spe,
1032 1117 1160 1192 torpebat

165 1233 191 1272 10
200 1214 257 1290 vqx.
300 1197 443 1274 irttusque.
485 1199 632 1256 Consertis
645 1199 750 1255 deinde
765 1197 904 1268 manibus,
930 1215 1016 1270 quum
1028 1196 1087 1271 jam
1102 1213 1159 1252 non

266 1284 269 1292 ¹
305 1277 414 1334 tantum
429 1297 588 1356 corporum,
610 1277 780 1352 agitatioque
805 1295 911 1350 anceps
935 1275 1054 1332 telorum
1069 1293 1160 1331 armo-

284 1351 289 1362 ’
319 1355 392 1421 ‚sed
406 1357 522 1414 vulnera
540 1373 650 1430 quoque
674 1365 703 1412 et
726 1355 844 1430 sangnis
868 1353 1030 1430 spectaculo
1045 1363 1158 1422 essent3

348 1433 406 1500 ani,
421 1453 504 1509 super
518 1435 604 1492 alium
629 1433 710 1500 alius,
736 1432 890 1490 vulneratis
913 1431 1002 1488 tribus
1027 1429 1159 1498 Albanis,

208 1573 215 1584 .
268 1523 373 1568 nantes
396 1523 581 1570 corruerunt:
614 1511 652 1568 'ad
676 1531 796 1588 quorum
817 1529 915 1568 casum
939 1529 1026 1584 quum
1048 1509 1160 1566 concla-

107 1595 110 1600 '
164 1608 192 1669 ,ς
232 1647 235 1654 ,
260 1599 302 1646 set
324 1591 428 1666 gaudio
454 1591 584 1648 Albanus
607 1591 758 1657 exercitus,
780 1589 928 1646 Romanas
955 1589 1082 1665 legiones
1099 1589 1158 1664 jam

168 1712 182 1731 .,
197 1685 261 1760 spes
285 1677 352 1740 tota,
376 1669 504 1730 nondum
529 1681 624 1726 tamen
645 1688 724 1736 cura,
749 1669 921 1736 deseruerat,
936 1668 1082 1724 exanimes
1098 1669 1159 1723 vice

192 1745 391 1820 cuiusquam
406 1759 462 1804 tres
476 1747 597 1805 Curiatii
613 1746 867 1804 circumsteterant.
910 1745 994 1802 Forte
1011 1745 1033 1802 is
1048 1745 1159 1820 integer

190 1821 258 1899 Ἰγΐιιίῑ,
275 1830 306 1892 ut
320 1825 457 1882 universis
471 1825 547 1884 solus
561 1828 738 1900 nequaquam
753 1845 813 1900 par,
827 1825 868 1882 sic
883 1825 1017 1882 advorsus
1031 1823 1159 1900 singulos

166 1963 173 1982 Υ
189 1902 291 1958 ¹feror:
323 1921 400 1984 ergq,
425 1915 456 1962 ut
477 1915 641 1980 segregaret
655 1922 779 1986 pugnam
792 1923 900 1970 eorum,
915 1904 1038 1980 capessit
1053 1903 1159 1978 fugem,

129 1953 236 2062 ‘lippire
262 1991 339 2037 ratus
362 1992 519 2050 secuturos,
547 1994 579 2042 ut
605 2001 744 2058 quemque
767 1979 882 2040 vulnere
897 1982 1030 2038 affectum
1055 1999 1160 2056 corpus

126 2051 170 2172 'i‘
196 2052 328 2116 sineret?
353 2059 371 2116 J
433 2061 607 2134 aliquantum
631 2062 713 2136 spatii
728 2079 765 2118 ex
790 2080 824 2118 eo
838 2060 910 2126 loco,
936 2060 985 2116 ubi
999 2071 1158 2134 pugnatum

44 2185 48 2194 r
122 2155 136 2212 ’ς
196 2147 248 2207 est,
263 2137 383 2213 aufuget
403 2149 422 2204 t,
437 2157 523 2212 quum
544 2139 700 2214 respiciens
724 2139 801 2196 videt
824 2138 935 2214 magnis
949 2137 1103 2194 intervallis
1118 2157 1160 2194 se·

117 2213 151 2296 'is
195 2226 337 2288 quentes3
359 2235 377 2272 u
421 2217 537 2274 mhaud
551 2218 647 2294 procul
663 2219 699 2284 ab
713 2237 775 2276 sese
790 2217 908 2274 abesse:
931 2215 960 2274 in
974 2235 1040 2274 eum
1056 2236 1159 2294 magno

132 2276 139 2326 l
194 2293 304 2368 impetu
319 2293 420 2352 rediit:
441 2305 478 2363 et,
490 2295 558 2358 dum
568 2297 698 2354 Albanus
712 2295 853 2354 exercitus
864 2295 999 2354 inclamat
1013 2295 1159 2368 Curiatiis,

161 2371 236 2443 ffiutl
250 2391 334 2448 opem
349 2372 440 2430 ferant
453 2374 538 2442 fratri,
561 2373 621 2452 jam
646 2375 792 2446 Horatius,
817 2393 892 2432 caeso
906 2375 985 2432 hoste
1001 2376 1099 2441 victor,
1115 2393 1160 2431 se·
1207 2382 1210 2388 '
1302 2425 1303 2442 ,

195 2451 319 2508 cundem
334 2471 459 2530 pugnam
474 2453 596 2528 petebat.
639 2453 718 2510 Tum
742 2453 875 2526 clamore,
900 2454 991 2528 qualis
1016 2473 1051 2510 ex
1068 2453 1160 2528 inspe-

194 2540 256 2586 rato
280 2531 405 2590 faventin
454 2531 533 2602 solet,
560 2531 685 2588 Romani
710 2532 844 2607 adjuvant
858 2531 977 2592 militem
992 2535 1095 2598 sirum3
1130 2543 1160 2590 et

117 2608 122 2680 J
195 2607 242 2664 ille
257 2607 414 2684 defnngip'
460 2609 486 2666 io
501 2609 622 2668 festinat.
665 2603 746 2667 Prius
771 2611 875 2684 itaque,
899 2611 984 2684 quam
1008 2611 1088 2674 alter,
1111 2611 1158 2682 qui

107 2681 118 2728 -·”
195 2703 250 2742 nec
265 2705 331 2761 proc
386 2688 494 2760 aberat,
517 2687 654 2763 consequi
678 2699 782 2764 posset,
807 2701 836 2746 et
859 2687 979 2746 alterurn
998 2687 1158 2744 Curiatium

108 2769 121 2794 “”’
161 2763 319 2834 mconficit.
381 2785 491 2840 amque,
508 2778 616 2840 aequato
641 2766 744 2838 Marte,
766 2765 870 2842 singuli
885 2777 1069 2841 supererant;
1105 2765 1158 2824 sed

119 2880 122 2882 -
195 2861 250 2900 nec
264 2863 313 2918 spe
327 2863 382 2902 nec
397 2845 502 2902 viribus
520 2863 620 2920 paresr
653 2845 772 2902 alterum
796 2845 934 2902 intactum
959 2843 1031 2902 ferro
1046 2863 1158 2918 corpus,

195 2929 224 2977 et
237 2923 381 2996 geminata
395 2922 520 2993 victoria,
537 2923 660 2981 ferocem
684 2924 714 2982 in
739 2934 883 2982 certamen
903 2925 1016 2980 tortium
1032 2924 1156 2991 dabant;

195 2999 274 3070 alter,
289 3000 394 3058 fessum
408 3001 534 3074 vulnere,
560 3001 665 3062 fessum
690 3021 776 3058 cursu
801 3002 915 3060 trahens
929 3021 1040 3076 corpus,
1055 3002 1159 3058 victus-

195 3096 249 3152 que
264 3078 380 3138 fratrum
395 3089 460 3136 aute
475 3099 505 3136 se
520 3091 623 3156 strage,
638 3081 737 3138 victori
750 3079 883 3156 obiicitur¹
897 3070 989 3136 lrosti:
1018 3099 1073 3136 nec
1088 3080 1157 3136 illud

161 3156 400 3230 gproeliumfuit.
442 3159 593 3216 Romanus
607 3159 762 3226 exsultans,
784 3165 803 3193 “
817 3159 924 3228 DuoS,''
950 3159 1050 3234 inquit,
1075 3162 1094 3194 “
1105 3159 1158 3217 fra·
1204 3159 1207 3166 ’

195 3236 300 3292 “trum
314 3237 450 3294 Manibus
464 3237 550 3295 dedi:
571 3237 686 3294 tertium
701 3257 794 3294 causae
809 3237 875 3294 belli
900 3237 1030 3314 hujusce,
1052 3249 1084 3295 ut
1099 3238 1159 3295 Ro-

195 3314 328 3370 “manus
355 3315 468 3374 Albano
495 3317 624 3392 imperet,
652 3317 755 3374 dabo.'’
798 3315 874 3374 Male
902 3317 1053 3374 sustinenti
1078 3337 1158 3374 arma

195 3391 322 3468 gladium
336 3397 456 3470 superne
467 3394 568 3470 jugulo
581 3395 698 3471 deligit:
720 3394 865 3471 jacentem
880 3395 989 3471 spoliat.
1031 3396 1157 3453 Romani

195 3481 310 3528 orantes
324 3491 358 3530 ac
372 3473 548 3549 gratulantes
563 3473 711 3534 Horatium
727 3474 891 3551 accipiunt;
923 3473 956 3532 ad
972 3475 1076 3550 majore
1090 3493 1157 3532 cum

162 3549 308 3625 „gaudio
321 3551 378 3626 qud
402 3571 488 3626 prope
509 3559 617 3610 metum
631 3571 676 3610 res
690 3553 789 3610 fuerat.
832 3556 879 3610 Ad
904 3555 1075 3629 sepulturam
1091 3555 1157 3610 inde

196 3647 310 3686 suorum
324 3633 502 3706 nequequam
528 3631 642 3706 paribus
666 3633 768 3693 animis
792 3643 958 3702 vertuntur;
990 3633 1092 3708 quippe
1107 3632 1158 3687 im-

195 3707 274 3782 perio
288 3709 368 3765 alteri
383 3709 469 3779 aucti,
484 3709 564 3766 alteri
583 3709 698 3768 ditionis
723 3711 823 3766 alianae
839 3711 914 3768 facti.
958 3711 1094 3784 sepulcra
1108 3727 1159 3764 ex·

197 3797 281 3856 stant,
295 3807 351 3862 quo
364 3787 493 3920 quisque3
503 3787 567 3846 loco
581 3787 705 3846 cecidit:
730 3789 792 3846 ¹duo
806 3787 936 3845 Romana
950 3807 1007 3843 uno
1021 3787 1083 3842 loco
1097 3804 1159 3860 pro-

295 4002 306 4033 't
