2632 4224
488 375 490 378 .
532 333 637 385 LIBER
652 335 673 384 1.
706 349 768 386 car.
779 350 842 384 arur.
1125 339 1165 398 49

133 551 139 560 ⁸
203 491 284 540 atrox
297 479 478 538 invidiaorta
502 487 554 550 est,
579 475 681 553 gladiis
704 477 734 534 in
756 477 850 534 medio
873 476 980 553 positis,
992 487 1032 546 ut,
1055 477 1164 538 indicta

203 563 302 631 causa,
316 577 390 616 novo
402 575 506 632 genere
517 557 575 625 leti,
591 556 720 630 dejectus
744 556 779 612 ad
801 571 887 630 eaput
897 574 976 630 aquae
991 555 1162 630 Ferentinae,

204 649 283 694 crate
297 637 417 710 superne
431 635 538 710 injectis
552 633 682 707 saxisque
696 633 847 708 congestis,
862 646 1044 709 mergeretur.

247 793 311 850 LII.
333 790 490 848 Revocatis
504 790 608 846 deinde
623 789 658 844 ad
673 774 826 845 concilium
845 749 964 861 Latinis,
978 789 1162 863 Tarquinius,

183 871 438 943 scoliaudatisque,
452 869 500 942 qui
512 867 645 924 Turnum
657 875 867 924 noranmres
881 885 932 941 pro
942 867 1091 925 manifesto
1104 887 1165 944 par·

205 947 306 1005 ricidio
327 949 427 1004 merita
451 948 534 1020 prend
556 944 760 1017 affecissent}
813 945 899 1000 verba
921 945 1006 1001 fecit:
1047 946 1164 1004 “Posse

205 1028 352 1100 “quidem
366 1044 396 1081 se
411 1035 520 1080 vetusto
531 1023 594 1098 jure
615 1001 769 1097 dgdre'f'⁴qu
809 1069 815 1091 ‚
840 1041 926 1096 quum
948 1041 1048 1080 ornnes
1071 1024 1164 1080 Latini

205 1106 224 1138 ‘⁶
238 1105 273 1160 ab
290 1105 363 1160 Alba
376 1101 487 1159 oriundi
502 1101 567 1167 sint,
583 1101 661 1174 ineo
675 1100 780 1156 soedere
795 1112 954 1168 teneantur,
976 1119 1031 1176 quo
1046 1102 1081 1178 ab
1095 1101 1166 1158 Tul·
1212 1124 1218 1133 ·

208 1183 227 1216 “
239 1181 268 1237 io
282 1201 326 1236 res
339 1180 431 1236 omnis
445 1179 556 1235 Albana
581 1197 648 1234 curn
672 1178 780 1234 coionis
804 1178 862 1233 suis
883 1178 913 1234 io
928 1179 1091 1236 Romanum
1105 1199 1166 1237 ces·

174 1261 228 1314 ro“
240 1259 307 1314 serit
321 1258 478 1332 imperium.
519 1255 660 1313 Caeterdm
682 1275 713 1314 se
735 1255 863 1312 utilitatis
884 1255 911 1312 id
935 1257 1024 1330 magis
1037 1258 1165 1314 omnium

207 1340 226 1372 “
238 1337 326 1392 oa'usd
340 1353 466 1401 censere,
482 1344 512 1390 ut
524 1345 675 1391 renovetur
695 1333 724 1390 id
747 1333 857 1402 soedus;
879 1335 1061 1408 secundique
1075 1333 1167 1408 potiris

206 1417 226 1451 “
239 1415 348 1488 fortuna
364 1413 458 1487 populi
474 1413 600 1468 Romani
615 1422 646 1468 ut
660 1411 811 1486 participes
826 1411 920 1468 Latini
933 1411 1068 1478 fruantur,
1082 1413 1166 1486 quim

206 1497 226 1530 “
238 1493 349 1548 urbium
363 1481 729 1562 exscidiatfvastationesque
744 1508 885 1564 agrorum,
899 1508 969 1562 quas
981 1490 1066 1546 Anco
1079 1489 1165 1564 priirs,

207 1575 226 1608 ‘¹
237 1581 314 1644 patre
329 1569 434 1624 deinde
448 1587 500 1624 suo
521 1578 670 1642 regnante,
695 1567 820 1641 perpessi
844 1567 910 1632 sint,
925 1586 1036 1641 semper
1058 1580 1105 1624 aut
1119 1587 1167 1624 ex-

176 1653 225 1701 ω’(
237 1657 375 1722 spectent,
404 1656 453 1702 aut
479 1646 649 1720 patiantur.'’
702 1645 789 1700 Haud
819 1645 970 1701 diffiouitcr
1001 1664 1167 1719 persuasum

207 1727 326 1797 Latinis,
340 1742 509 1798 quamquam
526 1723 554 1778 in
568 1741 603 1778 eo
623 1722 727 1778 soedere
751 1723 877 1796 superior
892 1723 1024 1780 Romana
1039 1734 1166 1780 reserat.

208 1803 349 1863 Caeterdm
363 1813 392 1858 et
406 1801 499 1873 capita
513 1800 636 1856 nominis
651 1799 744 1856 Latini
759 1811 833 1856 stare
852 1819 885 1855 ac
900 1800 1004 1856 sentire
1019 1821 1085 1857 cum
1099 1820 1167 1877 rege

208 1882 360 1947 videbant3
385 1889 414 1934 et
428 1879 546 1934 Turnus
561 1878 604 1934 sui
619 1878 721 1950 cuique
746 1877 884 1950 periculi,
899 1877 922 1933 si
947 1879 1110 1935 adversatus
1123 1899 1167 1935 es·

207 1971 259 2024 sot,
281 1977 382 2014 recens
405 1965 466 2011 erat
487 1956 699 2012 documentum.
742 1955 785 2010 Ita
812 1966 975 2012 renovatum
1002 1955 1101 2026 foedus,
1127 1957 1169 2014 in·

173 2040 372 2112 audietumque
384 2033 543 2109 junioribus
557 2033 733 2104 Latinorum,
758 2043 789 2088 ut
809 2052 844 2088 ex
860 2033 965 2088 soedere
979 2034 1025 2089 die
1040 2035 1119 2090 certis
1132 2035 1168 2091 ad

207 2117 305 2173 lucum
321 2111 483 2168 Ferentium
508 2111 607 2166 armati
629 2111 790 2184 frequentes
813 2111 954 2166 adessent.
995 2111 1055 2171 Qui
1069 2113 1117 2168 ubi
1132 2113 1168 2170 ad

207 2195 335 2250 edictum
351 2189 475 2246 Romani
487 2187 561 2262 regis
584 2206 619 2244 ex
642 2188 776 2244 omnibus
799 2187 909 2262 populis
923 2193 1099 2259 convener03
1131 2211 1168 2248 ne

205 2273 314 2328 *ducem
342 2285 435 2330 suurn,
460 2285 530 2322 neve
558 2277 699 2322 secretum
729 2265 888 2340 imperium,
920 2267 1065 2341 propriave
1087 2269 1170 2344 signa

209 2350 357 2417 haberent,
372 2344 485 2400 miscuit
499 2343 658 2418 manipulos
681 2363 718 2400 ex
742 2343 852 2400 Latinis
867 2343 1073 2420 Romanisque,
1089 2359 1120 2404 ut
1133 2367 1170 2405 ex

175 2427 285 2482 &binis
299 2423 425 2498 singulos
440 2423 554 2488 faceret,
590 2423 725 2495 binosque
746 2441 781 2479 err
803 2423 942 2498 singulis:
964 2423 1003 2480 ita
1016 2425 1169 2500 geminatis

209 2503 361 2578 manipulis
375 2501 557 2558 centuriones
571 2499 713 2574 imposuit.

250 2659 333 2717 L111.
354 2658 429 2724 Nec,
445 2668 476 2714 ut
498 2655 618 2732 injustus
640 2657 668 2714 in
690 2676 761 2732 pace
776 2677 834 2730 rex,
856 2657 894 2714 ita
908 2657 966 2713 dux
982 2657 1047 2720 betti
1058 2676 1171 2732 pravus

211 2739 282 2795 fuit:
303 2737 370 2811 quin
385 2739 418 2792 ed
433 2747 492 2792 arte
507 2737 644 2809 aequasset
668 2737 825 2810 superiores
846 2754 938 2810 reges,
961 2735 990 2792 ni
1014 2736 1170 2812 degenera-

211 2827 270 2874 tum
286 2816 314 2872 in
328 2815 390 2871 aliis
402 2815 469 2870 huic
482 2832 592 2887 quoque
607 2814 702 2870 decori
726 2814 876 2871 offecisset.
918 2811 947 2868 Is
970 2813 1079 2888 primus
1106 2815 1171 2871 Vol-

177 2891 269 2950 caseis
283 2893 387 2950 bellum
407 2893 436 2948 iu
461 2893 600 2948 ducentos
624 2892 743 2966 amplius
766 2902 829 2966 post
852 2910 932 2948 suam
955 2903 1066 2948 aetatem
1081 2909 1170 2949 annos

214 2973 301 3028 movit
312 2991 319 3039 ;
341 2972 531 3043 Suessamque
546 2969 702 3026 Pometiam
727 2989 764 3025 ex
789 2971 833 3026 his
847 2966 873 3026 vi
886 2969 980 3044 cepit:
1010 2970 1058 3026 ubi
1083 2989 1170 3044 quum

212 3050 366 3119 dividendis
380 3049 473 3122 praedd
494 3048 702 3122 quadringenta
722 3047 829 3104 talenta
853 3048 962 3122 argenti
987 3048 1104 3122 aurique
1128 3067 1172 3106 re·

212 3129 343 3196 secisset;
365 3126 497 3200 concepit
520 3126 615 3182 animo
637 3145 701 3182 eam
723 3125 938 3199 amplitudinem
960 3125 1039 3183 Jovis
1064 3127 1171 3202 templi,

213 3225 276 3278 quae
290 3206 377 3280 digna
391 3205 485 3260 Deirrn
500 3204 703 3276 hominumque
723 3221 799 3278 rege,
815 3223 877 3278 quae
892 3204 1028 3262 Romano
1042 3205 1170 3280 imperio,

178 3295 276 3356 asquae
291 3281 376 3356 ipsius
387 3283 472 3339 etiam
484 3282 539 3338 loci
563 3281 709 3354 majestate
723 3292 806 3338 esset.
825 3323 827 3326 -
847 3283 995 3356 Captivam
1019 3284 1171 3358 pecuniam

213 3361 243 3418 in
259 3361 474 3418 aedificationem
490 3360 551 3434 ejus
564 3359 661 3433 tempii
676 3361 808 3434 seposuit.
850 3359 973 3434 Excepit
986 3361 1091 3418 deinde
1105 3381 1171 3419 eum

212 3439 317 3496 lentius
331 3459 380 3514 spe
394 3439 510 3508 bellum,
524 3456 579 3510 quo
592 3437 708 3508 Gabios,
732 3437 916 3512 propinquam
933 3439 1040 3506 urbem,
1055 3441 1173 3514 nequid·

212 3537 297 3592 quam
312 3517 337 3574 vi
352 3519 476 3582 adortus,
490 3534 576 3588 quum
601 3515 750 3572 obsidendi
774 3535 883 3590 quoqne
896 3517 994 3572 urbem
1009 3537 1072 3592 spes
1091 3519 1172 3592 pulso

213 3615 229 3651 a
245 3597 384 3652 rnoenibus
399 3595 530 3668 adempta
544 3603 628 3659 esset,
653 3593 793 3668 postremo
818 3593 933 3650 minime
953 3606 1012 3651 arte
1028 3595 1171 3666 Romania,

179 3685 204 3725 ⁴⁰
213 3674 311 3746 fraude
325 3693 360 3730 ac
374 3673 447 3738 dolo,
462 3689 611 3746 aggressus
625 3682 685 3742 est,
712 3691 777 3728 nam
789 3691 886 3746 quum,
899 3673 974 3728 velut
985 3675 1075 3746 posito
1089 3671 1172 3746 bello,

213 3752 406 3810 fundamentis
421 3749 516 3824 tempii
529 3750 669 3824 jaciendis
694 3749 952 3835 aliisquequrbquis
974 3750 1107 3822 operibus
1130 3749 1174 3808 in·

524 3827 544 3883 5
688 3866 691 3873 ·
735 3855 820 3887 utrm
842 3857 856 3884 ,¹
878 3859 890 3878 ὀ
921 3845 955 3881 ψ’.)
979 3856 1028 3879 tr,
1093 3831 1147 3876 '‘r“

837 3914 883 3946 {t

339 3933 344 3946 ι
492 3907 497 3918 ’
567 3917 571 3930 ⁸

382 3975 388 3988 ι
417 3965 424 3984 ἶ
483 3931 500 3994 ἡ,
625 3973 627 3981 r

453 4015 460 4021 ,.
500 4006 505 4018 Ι
