2632 4224
537 335 645 385 LIBER
661 333 695 382 ll.
712 347 774 384 cir.
785 347 834 383 ιιι.
1128 331 1171 394 07

201 477 315 546 Naevia,
329 477 458 536 redditus
471 477 588 535 clamor.
630 477 675 534 Ita
687 475 759 534 cresi
770 476 798 533 in
813 475 907 533 medic
924 473 1106 559 praedatores,
1121 483 1200 560 ne-

199 575 255 648 qne
270 559 306 614 ad
321 575 448 632 pugnam
463 556 569 613 viribus
589 575 682 630 pares,
706 565 735 612 et
755 555 791 612 ad
816 555 913 630 lugam
935 554 1022 629 septis
1021 532 1188 626 omnibus·

198 636 272 693 viis:
295 635 416 710 finisque
431 635 477 692 ille
491 647 550 691 tam
562 634 652 691 effuse
666 628 808 710 evagandi
823 632 954 690 Etruscis
968 632 1029 689 luit.
1055 641 1063 670 ⁵
1148 661 1168 700 ρ

196 772 456 850 -Xllfobsidio
468 802 529 848 erat
543 790 739 857 nihilominus.
763 800 793 848 et
816 789 952 847 frumenti
975 807 1042 846 cum
1057 789 1171 856 silim

176 871 318 928 ecaritate
332 871 447 946 inopia;
479 870 661 944 sedendoque
682 880 912 949 expugnaturum
931 887 962 924 re
976 868 1075 924 urbem
1089 887 1170 943 spem

199 948 326 1006 Porsena
340 949 480 1006 habebat.
511 965 614 1023 quum
622 948 657 1004 C.
672 947 798 1014 Mucius,
813 945 982 1004 adolescens
995 946 1107 1015 nobilis,
1121 945 1170 1004 cui

198 1027 350 1102 indignum
365 1027 522 1093 videbatur,
537 1025 672 1102 populum
695 1025 863 1084 Romanum
885 1025 1055 1082 servientem
1060 1041 1168 1099 ,quum

198 1105 254 1161 sub
267 1105 382 1181 regibus
396 1116 483 1174 esset.
493 1103 571 1162 nullo
586 1105 660 1162 bello
680 1123 736 1161 nec
750 1105 787 1160 ab
801 1104 929 1161 hostibus
943 1104 1009 1161 ullis
1021 1103 1170 1161 obsessum

199 1201 282 1253 esse;
304 1185 423 1240 liberum
438 1184 572 1240 eumdem
591 1182 726 1258 populum
749 1183 785 1239 ab
799 1182 900 1239 iisdem
915 1182 1045 1240 Etruscis
1057 1181 1171 1239 obside·

165 1279 190 1318 ro
200 1261 234 1328 ri,
246 1281 365 1336 quorum
376 1261 451 1336 saepe
475 1262 619 1319 exercitus
639 1261 762 1329 suderit3
797 1261 901 1334 itaque,
926 1279 1031 1336 magno
1054 1260 1171 1318 audaci·

198 1358 255 1412 que
278 1340 372 1415 aliquo
394 1340 521 1396 facinore
533 1357 604 1396 cam
630 1339 831 1414 indignitatem
857 1339 1060 1396 vindicandam
1082 1349 1170 1412 ratus,

198 1417 290 1492 primd
313 1419 367 1475 sua
391 1429 490 1494 sponte
511 1427 661 1507 penetrare
683 1417 713 1474 in
738 1417 862 1474 hostium
887 1427 982 1474 castra
1002 1417 1170 1474 constituit:

199 1495 267 1553 dein
281 1509 422 1565 metuens,
446 1515 492 1567 ne,
517 1497 541 1554 si
566 1495 749 1553 consulum'
742 1497 852 1572 injussu
873 1508 902 1552 et
916 1497 1023 1572 ignaris
1036 1496 1170 1552 omnibus

199 1573 262 1645 iret,
281 1575 352 1635 forte
373 1576 570 1650 deprehensus
593 1593 611 1631 a
634 1575 801 1632 custodibus
814 1573 957 1632 Romanis
978 1576 1170 1632 retraheretur

167 1669 191 1708 rs
200 1663 232 1708 ut
245 1621 401 1729 tianssuga‚
417 1653 531 1711 fortuni.
545 1665 605 1712 tum
619 1653 698 1710 urbis
709 1653 819 1711 crimen
834 1653 1015 1722 affirmante,
1037 1664 1169 1726 senatum

200 1731 289 1789 adiit:
330 1732 498 1789 “Transire
512 1731 673 1798 Tiberim‚”
694 1731 795 1806 inquit,
819 1736 839 1767 ‘⁴
848 1732 956 1804 Patres,
971 1743 1000 1789 et
1014 1732 1131 1802 intrare,
1146 1732 1169 1787 si

199 1811 219 1844 “
230 1811 345 1884 possim,
361 1817 455 1870 castra
468 1810 591 1868 hostium
607 1811 685 1878 volo;
707 1829 765 1866 non
775 1811 879 1884 praedo,
892 1829 947 1867 nec
956 1810 1170 1885 populationum

200 1889 219 1922 “
231 1889 260 1945 in
275 1889 366 1946 vicem
379 1890 452 1946 ultor
465 1909 472 1945 ι
494 1889 593 1965 majus,
604 1888 627 1945 si
640 1889 688 1945 Dii
700 1889 810 1964 juvant,
822 1890 852 1946 in
865 1889 963 1946 animo
974 1899 1018 1946 est
1027 1887 1170 1944 facinus.''

203 1969 369 2042 Approbant
383 1967 481 2025 Patres
499 1987 505 2024 :
537 1967 634 2024 abdito
649 1968 723 2024 intra
746 1978 854 2031 vestem
873 1968 956 2038 ferro,
970 1965 1171 2042 proficiscitur.

163 2043 256 2102 soUbi
270 2045 305 2102 ed
320 2047 407 2112 venit,
422 2047 451 2103 in
473 2045 681 2104 confertissima
703 2046 786 2102 turbe
808 2045 894 2122 prope
919 2046 1032 2122 regium
1046 2045 1171 2102 tribunal
1213 2043 1217 2054 '

200 2125 338 2182 constitit.
348 2139 358 2164 ·
380 2125 425 2182 lbi
440 2143 526 2200 quum
551 2123 725 2213 stipendium
740 2123 810 2181 forte
834 2125 973 2181 militibus
994 2123 1121 2196 daretur,
1142 2135 1173 2180 et
1273 2157 1283 2194 ,ι

144 2249 147 2253 .
200 2203 306 2275 scriba,
321 2221 386 2260 cum
402 2221 469 2278 rege
483 2203 587 2260 sedens
600 2222 660 2278 parr
653 2202 732 2258 lere
746 2213 859 2270 ornatu,
870 2201 968 2260 multa
981 2214 1089 2279 ageret,
1104 2221 1171 2259 eum

200 2281 307 2338 milites
322 2280 406 2358 vulgi)
420 2281 687 2370 adirentjtimens
680 2281 830 2354 sciscitari,
855 2291 918 2338 nter
937 2280 1064 2339 Porsena
1085 2297 1171 2347 esset.

201 2377 238 2416 ne
260 2359 418 2454 ignorando
442 2379 539 2436 regem
562 2371 653 2416 semet
679 2359 740 2435 ipse
767 2327 898 2435 apeiiret‚
923 2361 988 2435 quis
1009 2371 1094 2432 esset,
1116 2360 1172 2435 quo

165 2439 307 2495 arremaro
317 2439 406 2496 traxit
420 2439 535 2496 fortuna
555 2437 676 2504 facinus,
702 2437 825 2494 scribam
848 2457 900 2514 pro
920 2458 988 2516 roge
1010 2440 1171 2497 obtruncat
1180 2457 1190 2494 ἰ

149 2507 363 2574 Vadentem
378 2517 456 2584 inde,
471 2519 524 2606 qua
540 2535 589 2592 per
604 2517 742 2592 trepidam
765 2517 875 2573 turbam
898 2527 1018 2575 cruento
1033 2537 1171 2575 mucrone

136 2615 142 2678 q
165 2586 277 2651 sibi
270 2615 330 2670 ipse
344 2596 490 2654 fecerat
465 2615 550 2685 viam,
565 2613 662 2670 q·‚uum
685 2613 828 2652 concursu
851 2595 886 2652 ad
909 2595 1065 2652 clamorem
1085 2597 1171 2661 sacto,

200 2675 439 2765 comprehensum
460 2674 536 2750 regii
560 2673 695 2732 satellites
725 2671 918 2744 reuertissent,
951 2684 1017 2730 ante
1046 2674 1171 2730 tribunal

200 2752 277 2827 regis
298 2753 460 2819 destitutus,
482 2763 542 2810 tum
561 2771 684 2846 quoque,
710 2751 783 2809 inter
807 2762 900 2808 tantas
921 2751 1041 2808 fortunae
1068 2751 1171 2819 minas,

167 2832 373 2888 aomctuendus
400 2831 493 2906 magis
519 2850 604 2906 quam
630 2842 770 2898 metuens,
805 2831 988 2887 “Romanus
1014 2829 1108 2900 sum‚’'
1130 2831 1175 2887 ἰιι·ι

200 2909 271 2982 quit,
292 2911 399 2966 “civis
442 2911 476 2966 C.
493 2909 625 2966 Mucium
639 2919 751 2966 vocant.
788 2907 893 2966 'Hostis
914 2908 1172 2966 hostemoccidere
1240 2933 1244 2940 ⁴

201 2991 221 3022 “
233 2988 328 3044 volui:
348 3007 403 3046 nec
418 2989 453 3045 ad
469 2998 588 3046 mortem
611 2987 707 3044 minus
721 2987 809 3044 animi
823 2999 876 3054 est,
899 2985 985 3061 quem
1000 2987 1054 3044 fuit
1067 2987 1103 3044 ad
1117 3005 1173 3044 cm-

200 3067 308 3122 “dem
350 3065 388 3123 Et
402 3067 497 3124 facere
521 3077 550 3124 et
563 3065 621 3140 pati
637 3064 727 3137 sortia,
742 3065 908 3122 Romanum
922 3075 974 3122 est.
1016 3065 1083 3122 Nec
1097 3085 1173 3124 unus

200 3145 262 3201 “in
276 3156 304 3202 te
317 3164 373 3221 ego
384 3147 436 3203 hos
449 3145 560 3202 animos
580 3143 674 3219 gessi·
693 3143 806 3232 longus
819 3155 882 3218 post
895 3163 941 3200 me
955 3144 1025 3202 ordo
1037 3155 1082 3202 est
1096 3145 1172 3202 idem

166 3224 221 3274 as“
234 3224 391 3296 petentium
413 3225 512 3280 decus
546 3219 699 3280 Proinde
692 3241 720 3278 m
736 3223 791 3279 hoc
805 3223 1009 3290 discrimen,
986 3244 1010 3280 sr
1022 3223 1112 3301 juvat,
1126 3243 1173 3281 ac·

201 3300 259 3335 “
234 3319 359 3376 cingere,
374 3313 406 3359 ut
419 3302 449 3358 in
464 3302 592 3376 singulas
616 3300 699 3356 boras
720 3301 813 3391 capite
836 3301 956 3359 dimices
970 3314 1035 3374 tuo;
1065 3303 1172 3366 ferrum

199 3381 220 3418 “
230 3381 421 3455 bostemque'
414 3400 443 3438 m
455 3379 594 3436 vestibulo
617 3377 723 3434 habeas
746 3379 841 3456 regiae.
885 3381 951 3438 Hoc
965 3381 1017 3438 tibi
1038 3382 1173 3458 juventus

200 3463 219 3497 ‘t
231 3457 368 3516 Romana
382 3458 537 3516 rndrcrmus
552 3457 667 3514 bellum
710 3457 828 3516 Nullam
849 3460 952 3531 aciem,
977 3459 1087 3518 nullum
1101 3479 1175 3536 proe·

199 3534 305 3596 “lium
323 3537 485 3595 timueris.
517 3536 574 3594 Uni
606 3535 668 3602 tibi,
698 3547 727 3594 et
755 3557 822 3594 cum
852 3538 983 3614 singulis,
1012 3557 1057 3596 res
1088 3539 1173 3597 crit.’'

165 3614 303 3684 reanum
317 3635 376 3686 rex,
391 3615 502 3673 simul'
495 3635 536 3673 rra
558 3614 696 3683 infensus,
718 3615 903 3707 periculoque
918 3618 1099 3684 conterritus,
1118 3617 1176 3674 cir

200 3694 355 3754 cumdari
348 3713 430 3770 ignes
454 3692 671 3752 minitabundus
691 3695 814 3770 juberet,
837 3695 893 3752 nisi
917 3707 1097 3770 expromeret
1111 3713 1173 3769 pro-

199 3772 277 3851 poni,
311 3793 381 3848 quas
408 3773 576 3830 insidiarum
600 3771 654 3828 sibi
684 3773 776 3828 minas
804 3791 855 3846 per
883 3773 1018 3846 ambages
1044 3773 1172 3848 jocerct;

143 2492 185 2529 l
