2630 4228
162 352 220 413 1OE
555 352 625 406 ΤιΤι
642 347 726 404 Lavit

159 494 179 528 ‘⁴
189 495 294 572 dignus
307 513 418 553 summo
432 496 538 552 honore
553 494 778 570 erit‚'apisoendi
792 493 896 550 summi
911 492 1036 565 honoris,
1051 502 1125 552 stare

160 572 256 629 “urbs
271 575 332 631 lraeo
347 593 403 630 uon
418 574 542 648 poterit?
575 575 611 629 de
626 574 743 648 imperio
757 584 851 629 aetum
866 573 933 628 esti
964 585 993 628 et
1007 573 1125 646 perinde

160 649 245 708 “hoo
259 652 341 717 valet,
356 651 484 726 plebejus
508 670 545 706 ue
566 652 666 707 consul
692 652 748 718 liat,
774 662 916 724 tamquam
941 668 1054 705 servum
1078 660 1126 706 aut

160 727 351 785 “libertinum
367 729 467 802 aliquis
481 729 628 785 consulem
651 729 776 798 futurum
791 727 891 783 dieatl
934 726 1046 799 quuid
1062 746 1125 782 sen·

159 803 255 874 “titis¹
274 807 303 862 in
317 817 423 880 quanto
455 818 620 879 contemptu
656 806 776 862 vivatisl
828 804 916 861 Luois
938 805 1015 860 vobis
1040 804 1160 878 hujuss

159 881 179 918 “
188 896 306 958 partem,
321 885 344 939 si
359 884 453 954 liceat,
468 885 614 939 adimant:
635 881 708 957 qudd
723 882 845 956 spiratis,
860 883 934 955 qudd
950 900 1048 938 vocem
1063 883 1126 944 mit·

159 960 256 1028 “titis,
271 960 345 1036 qudd
361 961 465 1017 formae
489 961 635 1017 hominum
661 960 781 1030 habetis,
807 959 1001 1034 indignantur.
1041 959 1124 1020 Quin

159 1039 273 1096 “etiam
290 1039 326 1114 (si
344 1039 406 1094 Diis
421 1039 513 1112 placet
525 1040 547 1116 l)
570 1039 650 1094 nefas
664 1039 745 1094 aiunt
762 1057 835 1108 esse,
859 1037 1007 1093 consulem
1032 1037 1126 1111 plebe·

161 1119 246 1192 “jum
274 1116 343 1174 lieri.
384 1116 514 1172 Obseoro
538 1135 595 1180 vos,
617 1117 713 1172 sinon
738 1117 773 1171 ad
795 1115 890 1180 fastos,
913 1133 970 1171 non
992 1115 1027 1170 ad
1049 1133 1126 1171 oom-

158 1195 340 1250 “montarios
354 1193 519 1268 pontificum
535 1191 727 1260 admittimura
760 1212 796 1249 ne
816 1211 851 1249 ea
871 1192 985 1266 quidem
1007 1193 1124 1260 seimus,
1135 1201 1160 1240 1⁰

158 1275 178 1307 “
186 1291 354 1346 quaeomnes
364 1272 504 1346 peregrini
516 1271 602 1327 etiam
612 1271 724 1332 seiuntl
738 1270 870 1327 consules
879 1271 907 1326 iu
919 1271 1013 1327 locum
1026 1289 1125 1344 regum

158 1353 177 1384 “
186 1350 383 1406 successissel
404 1367 459 1405 neo
474 1359 523 1405 aut
533 1347 605 1423 juris
620 1362 669 1404 aut
681 1349 835 1423 majestatis
846 1347 1001 1422 quidquam
1010 1349 1124 1414 habere,

158 1428 260 1502 “quod
282 1446 339 1484 nou
362 1427 391 1482 in
412 1427 528 1502 regibus
548 1427 614 1482 aute
636 1426 744 1483 lueritl
794 1427 840 1482 E'n
866 1445 989 1500 unquam
1009 1426 1125 1482 creditis

158 1507 273 1561 “fando
297 1503 425 1560 auditum
439 1522 511 1572 esse,
533 1503 661 1560 Numam
686 1504 867 1578 Pompilium,
889 1515 946 1560 non
963 1503 1047 1560 modd
1068 1513 1135 1560 ιιοιι.

158 1583 346 1656 “patricium,
361 1582 412 1637 sed
434 1599 471 1637 ne
495 1581 587 1637 civem
614 1581 728 1654 quidem
758 1581 932 1650 Romanum,
960 1600 994 1637 ex
1018 1582 1159 1638 Sabino¹⁵

158 1668 253 1734 “agro
274 1659 408 1730 accitum,
437 1659 533 1733 populi
557 1659 648 1734 jussu,
673 1659 803 1716 Patribus
828 1659 1001 1730 auctoribus,
1023 1659 1125 1716 Romae
1171 1700 1176 1708 -

157 1740 320 1811 “regnasse
332 1736 364 1796 tt
387 1735 419 1792 L.
435 1737 540 1793 deiude
565 1736 779 1810 Tarquinium,
791 1757 848 1794 non
875 1737 1015 1793 Romanae
1030 1736 1124 1810 modo,

158 1816 234 1872 “sed
251 1834 286 1870 ne
302 1813 409 1874 Italicae
431 1815 546 1888 quidem
570 1815 673 1890 gentis,
697 1814 844 1870 Damarati
868 1814 1009 1870 Corinthii
1026 1815 1124 1884 lilium,

158 1896 175 1922 “
185 1893 307 1949 incolam
322 1893 358 1948 ab
372 1891 549 1966 Tarquiniis,
572 1891 641 1948 vivis
656 1892 752 1948 liberis
778 1893 863 1960 Anci,
878 1911 974 1967 regem
994 1892 1125 1949 sactuml

158 1973 175 2000 “
185 1972 246 2026 Ser.
261 1970 391 2026 Tullium
406 1971 568 2044 posthunc,
584 1970 692 2044 eaptiva
708 1971 900 2026 Corniculana
923 1982 1032 2042 natum,
1047 1982 1124 2044 patre
1134 1978 1160 2017 Ν

157 2049 271 2117 “nullo
297 2059 386 2104 matre
413 2051 502 2113 serva,
531 2048 656 2123 ingenio,
684 2050 787 2104 virtute
814 2067 935 2123 regnum
969 2049 1121 2104 tenuisse?
1211 2086 1213 2090 -

157 2127 265 2186 “Quid
280 2127 357 2182 enim
372 2127 408 2182 de
423 2125 461 2182 Τ.
476 2125 563 2182 Tatio
577 2126 685 2182 Sabino
709 2127 812 2195 dicam,
831 2145 919 2216 'quem
943 2127 1001 2200 ipse
1017 2127 1126 2182 Romu-

158 2203 240 2275 “,lus
265 2223 368 2278 parens
393 2204 512 2274 urbis,
506 2223 535 2260 m
567 2205 733 2260 societatem
757 2204 837 2279 regni
863 2205 996 2293 aceepitl
1038 2204 1124 2293 Ergo,

158 2279 175 2304 ‘¹
157 2249 253 2382 ‘zduin
269 2283 376 2337 nullum
393 2250 534 2336 fastiditur
548 2299 648 2355 genus,
664 2282 693 2337 in
712 2301 767 2356 quo
780 2282 901 2338 eniteret
916 2283 1012 2348 virtus,
1037 2283 1126 2340 crevit

157 2348 344 2461 ximperium
352 2358 526 2414 Romanum.
569 2359 709 2415 Paeniteat
723 2379 802 2416 nuno
814 2379 863 2416 vos
872 2359 973 2434 plebeji
988 2360 1160 2426 consultae

158 2429 273 2538 :quum
290 2437 409 2510 majores
424 2436 512 2491 nostri
527 2437 650 2492 advenas
671 2456 754 2512 reges
778 2457 836 2494 non
851 2437 1029 2502 fastidierint,
1046 2451 1074 2494 et
1089 2455 1125 2494 ne

158 2505 302 2588 “regibus
315 2513 430 2586 quidem
444 2515 553 2570 exaotis
574 2515 671 2572 clausa
690 2517 756 2570 urbs
772 2515 856 2570 suerit
870 2515 1026 2590 peregrinae
1041 2516 1126 2571 virtu-

157 2585 216 2648 “tr
259 2590 408 2647 Claudiam
424 2591 510 2652 uerte
522 2602 648 2666 gentem,
673 2605 735 2666 post
756 2611 838 2667 reges
851 2604 979 2662 exactos,
994 2611 1029 2649 ex
1045 2593 1155 2648 Sabis

157 2663 233 2776 :zuis
247 2688 304 2726 nou
320 2669 349 2724 in
363 2669 507 2725 civitatem
522 2669 606 2724 modd
631 2671 804 2744 accepimus,
828 2671 878 2725 sed
897 2670 982 2726 etiam
998 2671 1027 2726 in
1042 2671 1125 2744 patri·

158 2741 467 2804 “ciorumnumerum.
509 2747 554 2803 Ex
568 2748 756 2836 peregrinone
780 2747 926 2822 patricius,
938 2748 1054 2804 deinde
1058 2767 1124 2804 oon·
1134 2753 1159 2792 ³⁰

158 2821 232 2933 :sul
248 2825 319 2881 fiatl
340 2826 412 2882 civis
428 2825 613 2881 Romanus
592 2844 615 2880 sr
630 2827 666 2882 sit
677 2845 711 2881 ex
726 2825 818 2900 plebe,
835 2826 1125 2900 praecisaoonsulatds

158 2899 252 2994 “spes
266 2903 342 2960 eritl
383 2903 489 2960 Utrum
511 2901 627 2959 tandem
651 2923 708 2959 non
733 2904 878 2960 oredimus
899 2903 959 2960 lieri
981 2923 1073 2978 posse,
1096 2915 1127 2960 ut

159 2979 212 3012 “
189 3001 229 3038 ιιι
244 2981 322 3038 sortis
335 3001 371 3038 ao
393 2992 535 3052 strenuus,
559 2999 629 3055 paee
643 2981 773 3055 belloque
798 2983 897 3054 bonus,
913 3001 954 3038 ex
975 2982 1068 3070 plebe,
1090 2983 1127 3038 sit

158 3058 302 3125 “Numae,
325 3027 542 3134 LTarquinid,
567 3059 628 3115 Ser
643 3059 741 3116 Tullio
755 3060 875 3116 srmrlrsl
917 3063 1026 3128 Anne,
1042 3060 1125 3126 sisit,

158 3136 302 3211 “quidem
324 3139 359 3193 ad
384 3137 579 3212 gubernacula
602 3137 765 3212 reipublicae
787 3139 926 3194 accedere
951 3155 1017 3194 eum
1039 3139 1127 3212 patie-
1115 3141 1161 3182 -³⁵

138 3215 274 3271 ·“murl
314 3214 464 3290 potiusque
486 3215 665 3282 decemviris,
695 3217 846 3273 teterrimis
877 3217 1048 3287 mortalium,
1078 3215 1127 3304 qui

138 3302 140 3306 ’
159 3295 249 3350 “tum
263 3311 363 3349 omnes
376 3311 412 3348 ιιι
426 3293 557 3350 Patribus
578 3305 669 3360 erant,
691 3295 774 3368 quarn
789 3293 903 3368 optimis
925 3313 1024 3370 regum
1047 3294 1127 3351 novis

159 3373 179 3406 “
189 3371 363 3442 hominibus,
378 3371 485 3427 similes
499 3371 631 3436 eonsules
644 3391 743 3428 sumus
758 3373 880 3430 habituri
892 3375 903 3428 ι

201 3527 254 3584 IV.
275 3530 295 3562 “
308 3529 348 3585 At
361 3529 437 3586 enim
452 3547 546 3596 nemo,
561 3541 623 3604 post
644 3551 726 3607 reges
740 3541 865 3603 exactos,
880 3532 916 3588 de
929 3531 1012 3621 plebe
1026 3531 1127 3588 consul

160 3606 251 3662 “suit.
293 3607 375 3667 Quid
390 3610 509 3682 posteal
551 3609 676 3666 Nullane
660 3629 736 3665 res
750 3610 944 3666 norarustrtur
957 3611 1067 3666 debetl
1089 3621 1127 3680 et,
1139 3614 1164 3654 ⁴⁰

159 3687 180 3720 “
190 3686 263 3774 quod
278 3687 405 3742 nondum
420 3698 463 3743 est
478 3687 582 3743 laetum
608 3686 711 3764 (multa
725 3689 801 3743 enim
828 3689 955 3745 nondum
971 3699 1037 3744 sunt
1054 3655 1130 3743 saotd

158 3764 198 3798 ‘⁴
193 3781 220 3818 ιιι
236 3783 309 3822 novo
323 3765 449 3843 populo),
464 3785 559 3836 eane,
574 3765 597 3821 si
614 3767 692 3822 utilia
705 3766 819 3839 quidem
834 3767 901 3838 sint,
917 3767 976 3824 lieri
991 3759 1126 3839 oportet!
