2632 4224
126 346 146 404 6
520 343 589 392 τιτι
606 344 690 392 mvn

126 484 242 560 virique,
254 494 283 542 et
304 484 430 540 animum
445 483 488 540 vel
503 483 576 541 bello
590 483 634 541 vel
648 483 712 559 paci
733 494 871 559 paratum,
886 485 1002 543 dexteri
1015 484 1084 544 dart

126 562 211 618 fidem
227 562 327 618 luturae
341 561 473 618 amicitia
488 561 634 619 sanxisse:
655 562 722 618 inde
737 561 829 618 soedus
843 562 931 619 ictum
945 564 1017 620 inter
1031 565 1084 621 du-

125 657 185 707 ces,
200 639 274 696 inter
288 639 430 696 exercitus
443 638 641 695 salutationem
656 639 777 696 factam:
792 639 906 696 AEnean
918 642 993 716 apud
1008 640 1084 698 Lati·

126 735 195 774 num
217 716 304 772 fuisse
328 717 358 773 in
382 715 519 791 hospitio:
548 716 587 772 ibi
608 715 742 773 Latinum
763 718 838 790 apud
859 717 982 774 Penates
1005 719 1083 776 Deos

126 793 313 851 domesticum
328 793 443 868 publico
457 793 619 868 adjunxisse
640 794 742 861 soedus,
756 794 816 850 filit
829 794 931 852 AEneae
945 796 974 852 iu
990 796 1105 852 matri-s

43 875 45 881 ’
127 872 253 928 monium
268 871 343 928 date.
385 870 429 927 Ea
448 889 493 927 res
510 871 606 944 utique
627 871 761 946 Trojanis
782 891 861 946 spem
882 873 1002 929 affirmat
1022 884 1084 930 tan·

126 949 191 1005 dem
206 948 298 1005 stabili
313 948 446 1022 certique
467 949 536 1024 sedo
556 947 674 1005 liniendi
697 949 808 1006 erroris.
849 950 994 1024 Oppidum
1006 969 1083 1018 ‚con-

126 1027 207 1082 dunt.
249 1025 357 1082 AEneas
371 1026 407 1080 ab
412 1026 536 1158 &ungine
551 1026 646 1084 uxoris
657 1025 808 1084 Lavinium
827 1027 957 1101 appellat.
998 1027 1083 1084 Brevi

102 1148 103 1151 η
126 1103 209 1177 stirps
228 1122 339 1177 quoque
361 1095 503 1159 viri1''ex
527 1121 600 1160 novo
623 1104 803 1161 matrimonio
824 1104 893 1173 fuit3
924 1104 973 1162 cui
993 1105 1084 1162 Asca·

126 1181 205 1236 nium
219 1191 351 1255 parentes
365 1179 463 1236 dixere
477 1199 590 1248 nomen.
1093 1199 1117 1238 ro
1157 1191 1159 1194 '

61 1401 64 1406 Ι
166 1335 207 1392 Il.
241 1335 321 1393 Bello
349 1335 453 1393 deinde
481 1336 655 1412 Aborigines
683 1336 858 1412 Troianique
885 1323 969 1394 simul
993 1337 1082 1413 petiti.

126 1413 255 1486 Turnus,
270 1432 319 1470 rex
334 1414 514 1484 Rutulorum,
529 1415 576 1470 cui
597 1426 682 1489 pacta
703 1414 822 1471 Lavinia
843 1427 909 1471 aute
930 1416 1082 1472 adventum

127 1490 228 1546 AEneae
253 1491 350 1560 suerat,
366 1491 511 1566 praelatum
533 1492 587 1548 sibi
609 1492 748 1548 adv'dimm
769 1490 845 1566 aegrri
859 1492 977 1566 patiens,
999 1489 1082 1548 simul

128 1567 229 1624 AEneae
244 1568 401 1642 Latinoque
416 1569 521 1624 bellum
536 1569 677 1626 intulerat.
718 1569 830 1626 Neutra
841 1570 917 1625 acies
928 1570 1037 1630 laetaerr
1048 1588 1083 1627 eo

126 1646 281 1702 certamine
296 1646 380 1702 abiit:
402 1645 469 1702 victi
486 1647 602 1703 Rutuli:
624 1646 745 1702 victores
766 1647 938 1720 Aborigines
953 1647 1117 1722 Trojani-tt

126 1741 181 1796 que
195 1724 299 1780 ducem
314 1724 447 1780 Latinum
463 1723 592 1781 amisere.
634 1723 707 1779 Inde
722 1723 840 1780 Turnus
851 1725 1019 1799 Rutulique,
1031 1725 1083 1781 dif-

82 1821 86 1832 ·
128 1801 169 1856 lisi
191 1802 286 1868 rebuS,
314 1802 349 1858 ad
377 1801 509 1858 florentes
530 1801 714 1858 Etruscorum
741 1819 809 1876 opes
837 1801 1082 1876 Mezentiumque,

126 1897 222 1934 eorum
242 1894 349 1954 regem,
364 1879 549 1954 confugiunt;
570 1878 628 1952 qui,
643 1878 725 1935 Caere
745 1879 879 1953 opulento
900 1889 959 1935 tum
979 1880 1083 1954 oppido

126 1955 300 2029 imperitans,
321 1957 380 2049 jpm
402 1956 469 2012 inde
490 1957 526 2012 ab
548 1956 629 2029 initio
648 1956 764 2012 minime
785 1956 866 2012 laetus
879 1975 959 2012 novae
972 1957 1082 2032 origine

126 2035 211 2102 urbis,
234 2045 262 2091 et
283 2047 342 2090 tum
353 2019 449 2093 liriiriid
471 2043 474 2050 '
505 2007 647 2109 *biqiiir'dt
668 2035 736 2090 satis
756 2043 848 2105 tutupr
869 2045 944 2100 esset
964 2035 1116 2101 accolis,eo

125 2131 185 2168 rem
210 2112 365 2188 Trojanam
387 2129 517 2169 crescere
537 2123 624 2178 ratus,
650 2110 726 2168 baud
747 2105 884 2185 gralatim
905 2112 984 2168 socia
1004 2131 1082 2168 arma

127 2189 244 2246 Rutulis
261 2189 364 2266 junxit.
406 2189 525 2260 AEneas,
550 2189 683 2245 adversus
703 2189 775 2244 tanti
797 2187 862 2245 belli
882 2199 1026 2258 terrorem,
1050 2199 1082 2246 ut

126 2268 236 2345 animos
264 2268 453 2343 Aboriginum
482 2266 536 2323 sibi
564 2266 739 2332 conciliaret,
761 2283 798 2321 ne
819 2267 996 2323 subeodem
1017 2267 1081 2342 jure

126 2345 224 2415 soltim,
239 2347 289 2401 sed
311 2346 396 2402 etiam
417 2345 542 2411 nomine,
557 2353 782 2410 omnes'esscnt,
797 2342 915 2401 Latinos
936 2355 1082 2418 utramque

125 2434 240 2497 gentem
252 2423 409 2498 appellavit.
451 2422 515 2478 Nec
530 2422 634 2478 deinde
649 2421 822 2496 Aborigines
836 2421 970 2496 Trojanis
990 2422 1117 2479 studiosa

126 2521 160 2556 ac
175 2501 230 2558 fide
244 2520 312 2577 erga
326 2519 422 2576 regem
437 2500 550 2557 AEnean
565 2497 695 2556 cessdre:
711 2498 852 2572 fretusque
864 2499 908 2554 his
919 2499 1022 2555 animis
1034 2518 1083 2556 co·

126 2579 311 2636 alcscontium
326 2579 355 2635 in
370 2578 431 2635 dies
446 2577 535 2652 magis
546 2577 665 2634 duorum
680 2576 845 2651 populorum
858 2576 975 2646 AEueas,
987 2595 1083 2651 quam·

125 2675 209 2730 quam
231 2667 310 2714 tanta
322 2656 424 2731 opibus
444 2655 558 2712 Etruria
578 2664 648 2726 erat,
662 2664 694 2710 ut
715 2655 773 2730 jam
794 2672 851 2711 non
872 2663 960 2710 terras
981 2654 1083 2726 solrim,

126 2733 175 2790 sed
191 2753 267 2790 mare
288 2734 373 2791 etiam
394 2753 444 2808 per
464 2743 551 2790 totam
573 2729 663 2788 ltaliae
676 2731 894 2806 longitudinem,
909 2731 945 2787 ab
961 2733 1083 2806 Alpibus

125 2813 160 2868 ad
190 2811 293 2868 fretum
314 2812 454 2882 Siculum,
482 2810 557 2870 tamt
580 2809 704 2866 nominis
732 2807 775 2865 sui
804 2809 956 2882 implesset,
977 2820 1117 2880 tamenta

125 2909 212 2964 quum
234 2890 375 2950 rnoenibus
397 2889 501 2946 bellum
522 2887 683 2962 propulsare
704 2896 808 2960 posset,
824 2886 853 2942 in
874 2887 966 2944 aciem
987 2888 1084 2962 copias

126 2969 233 3025 eduxit.
275 2967 443 3025 Secundum
472 2966 538 3022 inde
559 2965 688 3040 proelium
710 2963 838 3031 Latinis;
868 2965 970 3021 AEneae
997 2966 1083 3022 etiam

125 3045 258 3104 ultimum
278 3065 396 3120 operum
425 3043 585 3100 mortalium
607 3043 675 3099 luit:
704 3042 775 3098 situs
803 3051 854 3110 est,
875 3061 1083 3116 quemcumque

126 3143 192 3194 eum
213 3124 271 3181 dici
289 3125 339 3200 jus
358 3124 453 3196 fasque
474 3133 527 3193 est,
542 3139 625 3196 super
646 3118 814 3176 Numicium
826 3118 941 3176 flumen.
983 3120 1083 3177 Jovem

126 3203 287 3280 Indigetem
306 3201 455 3276 appellant.
1092 3211 1118 3251 aa

88 3378 94 3386 ·
174 3359 231 3416 ΙΙΙ.
263 3358 399 3416 Nondum
421 3369 548 3414 maturus
568 3353 687 3430 imperio
707 3353 862 3420 Ascanius,
878 3352 979 3412 AEneae
999 3352 1083 3424 filius,

126 3449 202 3496 erat:
224 3447 319 3495 tamen
334 3436 362 3492 id
384 3435 533 3510 imperium
555 3433 581 3490 ei
603 3433 638 3490 ad
656 3432 797 3508 ¹puberem
811 3441 922 3488 aetatem
941 3430 1085 3490 incolume

129 3516 249 3574 mansit:
270 3511 519 3589 tantispcr=.tut't?lti
533 3507 663 3568 muliebri
679 3509 772 3585 (tanta
792 3501 902 3566 indbles
919 3509 949 3566 in
964 3509 1085 3584 Laviniri

127 3597 200 3669 erat)
215 3611 261 3650 res
275 3591 378 3648 Latina
391 3602 420 3648 et
433 3609 553 3666 regnum
568 3589 673 3645 avitum
683 3597 889 3662 paternumque
899 3605 987 3661 puero
998 3585 1083 3644 stetit.

128 3671 214 3729 Hand
229 3670 299 3727 nihil
314 3670 456 3744 ambigam
472 3668 547 3744 (quis
561 3667 637 3724 enim
652 3684 712 3722 rem
733 3675 797 3724 tant
805 3675 928 3721 veterem
943 3683 993 3740 pro
1006 3674 1084 3722 certo
1094 3678 1118 3718 to

128 3750 299 3828 affirmetl)‚
327 3749 440 3805 hiccine
469 3745 552 3804 fuerit
574 3743 727 3816 Ascanius
748 3761 784 3800 an
812 3741 901 3818 major
921 3741 1004 3817 quim
1027 3742 1084 3814 hic,

438 3861 472 3882 .·
509 3853 692 3902 ‹⁰',;;'‘·
736 3848 840 3896 ,pltfl

177 3925 185 3991 l
