<?xml version="1.0" encoding="UTF-8"?>
<!DOCTYPE html PUBLIC "-//W3C//DTD XHTML 1.0 Transitional//EN"
    "http://www.w3.org/TR/xhtml1/DTD/xhtml1-transitional.dtd">
<html xmlns="http://www.w3.org/1999/xhtml" xml:lang="en" lang="en">
 <head>
  <title>
</title>
<meta http-equiv="Content-Type" content="text/html;charset=utf-8" />
  <meta name='ocr-system' content='tesseract 3.04.00' />
  <meta name='ocr-capabilities' content='ocr_page ocr_carea ocr_par ocr_line ocrx_word'/>
</head>
<body>
  <div class='ocr_page' id='page_1' title='image "./historiarumetse01livygoog_0139.png"; bbox 0 0 2630 4228; ppageno 0'>
   <div class='ocr_carea' id='block_1_1' title="bbox 163 379 744 439">
    <p class='ocr_par' dir='ltr' id='par_1_1' title="bbox 163 379 744 439">
     <span class='ocr_line' id='line_1_1' title="bbox 163 379 744 439; baseline -0.002 -12"><span class='ocrx_word' id='word_1_1' title='bbox 163 379 220 439; x_wconf 78' lang='lat'>126</span> <span class='ocrx_word' id='word_1_2' title='bbox 490 416 493 426; x_wconf 80' lang='grc'>,</span> <span class='ocrx_word' id='word_1_3' title='bbox 571 379 642 428; x_wconf 78' lang='grc' dir='ltr'>τιτι</span> <span class='ocrx_word' id='word_1_4' title='bbox 660 379 744 427; x_wconf 82' lang='lat' dir='ltr'>nrvrr</span> 
     </span>
    </p>
   </div>
   <div class='ocr_carea' id='block_1_2' title="bbox 157 515 1152 901">
    <p class='ocr_par' dir='ltr' id='par_1_2' title="bbox 157 515 1152 901">
     <span class='ocr_line' id='line_1_2' title="bbox 159 515 1120 590; baseline 0.001 -15"><span class='ocrx_word' id='word_1_5' title='bbox 159 515 390 585; x_wconf 80' lang='lat' dir='ltr'>deluitauot013</span> <span class='ocrx_word' id='word_1_6' title='bbox 424 527 528 574; x_wconf 87' lang='lat' dir='ltr'>caetern</span> <span class='ocrx_word' id='word_1_7' title='bbox 555 517 655 573; x_wconf 89' lang='lat' dir='ltr'>eodem</span> <span class='ocrx_word' id='word_1_8' title='bbox 686 518 785 574; x_wconf 81' lang='lat' dir='ltr'>ordine</span> <span class='ocrx_word' id='word_1_9' title='bbox 813 519 970 590; x_wconf 87' lang='lat' dir='ltr'>eodemque</span> <span class='ocrx_word' id='word_1_10' title='bbox 1002 517 1120 576; x_wconf 78' lang='lat' dir='ltr'>fortune</span> 
     </span>
     <span class='ocr_line' id='line_1_3' title="bbox 158 593 1120 670; baseline 0.002 -19"><span class='ocrx_word' id='word_1_11' title='bbox 158 605 261 652; x_wconf 82' lang='lat' dir='ltr'>eventu</span> <span class='ocrx_word' id='word_1_12' title='bbox 274 606 373 670; x_wconf 86' lang='lat' dir='ltr'>gesta:</span> <span class='ocrx_word' id='word_1_13' title='bbox 408 595 475 667; x_wconf 87' lang='lat' dir='ltr'>quin</span> <span class='ocrx_word' id='word_1_14' title='bbox 500 593 596 659; x_wconf 87' lang='lat' dir='ltr'>etiam,</span> <span class='ocrx_word' id='word_1_15' title='bbox 619 595 741 650; x_wconf 90' lang='lat' dir='ltr'>ducibus</span> <span class='ocrx_word' id='word_1_16' title='bbox 761 595 888 668; x_wconf 87' lang='lat' dir='ltr'>captivis,</span> <span class='ocrx_word' id='word_1_17' title='bbox 902 595 950 668; x_wconf 92' lang='lat' dir='ltr'>qui</span> <span class='ocrx_word' id='word_1_18' title='bbox 965 597 1038 652; x_wconf 79' lang='lat' dir='ltr'>caedi</span> <span class='ocrx_word' id='word_1_19' title='bbox 1052 615 1120 652; x_wconf 89' lang='lat' dir='ltr'>noc-</span> 
     </span>
     <span class='ocr_line' id='line_1_4' title="bbox 159 671 1119 745; baseline 0.002 -17"><span class='ocrx_word' id='word_1_20' title='bbox 159 681 249 728; x_wconf 83' lang='lat' dir='ltr'>turnae</span> <span class='ocrx_word' id='word_1_21' title='bbox 269 671 476 745; x_wconf 79' lang='lat' dir='ltr'>superfuerant,</span> <span class='ocrx_word' id='word_1_22' title='bbox 497 671 533 728; x_wconf 90' lang='lat' dir='ltr'>ad</span> <span class='ocrx_word' id='word_1_23' title='bbox 558 671 642 726; x_wconf 83' lang='lat' dir='ltr'>aliam</span> <span class='ocrx_word' id='word_1_24' title='bbox 666 689 781 727; x_wconf 89' lang='lat' dir='ltr'>manum</span> <span class='ocrx_word' id='word_1_25' title='bbox 806 671 969 728; x_wconf 79' lang='lat' dir='ltr'>Tuscorum</span> <span class='ocrx_word' id='word_1_26' title='bbox 989 671 1024 728; x_wconf 88' lang='lat' dir='ltr'>ad</span> <span class='ocrx_word' id='word_1_27' title='bbox 1048 674 1119 730; x_wconf 82' lang='lat' dir='ltr'>Sali-</span> 
     </span>
     <span class='ocr_line' id='line_1_5' title="bbox 158 747 1117 822; baseline 0.003 -18"><span class='ocrx_word' id='word_1_28' title='bbox 158 768 209 804; x_wconf 89' lang='lat' dir='ltr'>nas</span> <span class='ocrx_word' id='word_1_29' title='bbox 223 748 349 822; x_wconf 82' lang='lat' dir='ltr'>profecti,</span> <span class='ocrx_word' id='word_1_30' title='bbox 365 759 449 805; x_wconf 90' lang='lat' dir='ltr'>nocte</span> <span class='ocrx_word' id='word_1_31' title='bbox 463 747 624 821; x_wconf 82' lang='lat' dir='ltr'>insequenti</span> <span class='ocrx_word' id='word_1_32' title='bbox 648 767 684 803; x_wconf 88' lang='lat' dir='ltr'>ex</span> <span class='ocrx_word' id='word_1_33' title='bbox 698 747 848 822; x_wconf 86' lang='lat' dir='ltr'>improviso</span> <span class='ocrx_word' id='word_1_34' title='bbox 862 749 995 822; x_wconf 81' lang='lat' dir='ltr'>majorem</span> <span class='ocrx_word' id='word_1_35' title='bbox 1010 751 1117 807; x_wconf 80' lang='lat' dir='ltr'>caedetn</span> 
     </span>
     <span class='ocr_line' id='line_1_6' title="bbox 157 825 1152 901; baseline -0.003 -20"><span class='ocrx_word' id='word_1_36' title='bbox 157 825 289 896; x_wconf 68' lang='lat' dir='ltr'>edidere3</span> <span class='ocrx_word' id='word_1_37' title='bbox 310 825 472 900; x_wconf 83' lang='lat' dir='ltr'>duplicique</span> <span class='ocrx_word' id='word_1_38' title='bbox 486 825 605 881; x_wconf 68' lang='lat' dir='ltr'>victorii</span> <span class='ocrx_word' id='word_1_39' title='bbox 617 835 733 882; x_wconf 81' lang='lat' dir='ltr'>orantes</span> <span class='ocrx_word' id='word_1_40' title='bbox 747 825 834 901; x_wconf 88' lang='lat' dir='ltr'>Vejos</span> <span class='ocrx_word' id='word_1_41' title='bbox 847 826 976 882; x_wconf 76' lang='lat' dir='ltr'>redeunt</span> <span class='ocrx_word' id='word_1_42' title='bbox 1139 839 1152 878; x_wconf 86' lang='lat' dir='ltr'>s</span> 
     </span>
    </p>
   </div>
   <div class='ocr_carea' id='block_1_3' title="bbox 148 977 1218 3844">
    <p class='ocr_par' dir='ltr' id='par_1_3' title="bbox 148 977 1218 3844">
     <span class='ocr_line' id='line_1_7' title="bbox 195 977 1119 1055; baseline 0.002 -19"><span class='ocrx_word' id='word_1_43' title='bbox 195 979 306 1038; x_wconf 87' lang='lat' dir='ltr'>XLVI.</span> <span class='ocrx_word' id='word_1_44' title='bbox 327 980 429 1036; x_wconf 86' lang='lat' dir='ltr'>Romae</span> <span class='ocrx_word' id='word_1_45' title='bbox 441 977 553 1036; x_wconf 89' lang='lat' dir='ltr'>interim</span> <span class='ocrx_word' id='word_1_46' title='bbox 562 979 726 1054; x_wconf 84' lang='lat' dir='ltr'>plerumque</span> <span class='ocrx_word' id='word_1_47' title='bbox 736 979 847 1050; x_wconf 81' lang='lat' dir='ltr'>obsidio</span> <span class='ocrx_word' id='word_1_48' title='bbox 860 980 966 1055; x_wconf 82' lang='lat' dir='ltr'>segnis,</span> <span class='ocrx_word' id='word_1_49' title='bbox 980 990 1010 1037; x_wconf 89' lang='lat' dir='ltr'>et</span> <span class='ocrx_word' id='word_1_50' title='bbox 1022 981 1119 1038; x_wconf 87' lang='lat' dir='ltr'>utrim-</span> 
     </span>
     <span class='ocr_line' id='line_1_8' title="bbox 155 1055 1118 1132; baseline 0.002 -19"><span class='ocrx_word' id='word_1_51' title='bbox 155 1077 210 1132; x_wconf 90' lang='lat' dir='ltr'>que</span> <span class='ocrx_word' id='word_1_52' title='bbox 224 1057 366 1114; x_wconf 91' lang='lat' dir='ltr'>silentium</span> <span class='ocrx_word' id='word_1_53' title='bbox 388 1075 467 1113; x_wconf 88' lang='lat' dir='ltr'>esse:</span> <span class='ocrx_word' id='word_1_54' title='bbox 499 1057 578 1113; x_wconf 91' lang='lat' dir='ltr'>adid</span> <span class='ocrx_word' id='word_1_55' title='bbox 602 1055 713 1115; x_wconf 78' lang='lat' dir='ltr'>tantum</span> <span class='ocrx_word' id='word_1_56' title='bbox 736 1057 854 1114; x_wconf 88' lang='lat' dir='ltr'>intentis</span> <span class='ocrx_word' id='word_1_57' title='bbox 874 1057 975 1129; x_wconf 85' lang='lat' dir='ltr'>Gallis,</span> <span class='ocrx_word' id='word_1_58' title='bbox 997 1059 1118 1132; x_wconf 77' lang='lat' dir='ltr'>nequis</span> 
     </span>
     <span class='ocr_line' id='line_1_9' title="bbox 156 1133 1117 1210; baseline 0.001 -19"><span class='ocrx_word' id='word_1_59' title='bbox 156 1133 278 1192; x_wconf 89' lang='lat' dir='ltr'>hostium</span> <span class='ocrx_word' id='word_1_60' title='bbox 292 1135 412 1190; x_wconf 86' lang='lat' dir='ltr'>evadere</span> <span class='ocrx_word' id='word_1_61' title='bbox 426 1135 500 1191; x_wconf 91' lang='lat' dir='ltr'>inter</span> <span class='ocrx_word' id='word_1_62' title='bbox 521 1135 656 1192; x_wconf 87' lang='lat' dir='ltr'>stationes</span> <span class='ocrx_word' id='word_1_63' title='bbox 669 1144 777 1210; x_wconf 87' lang='lat' dir='ltr'>posset;</span> <span class='ocrx_word' id='word_1_64' title='bbox 809 1144 896 1208; x_wconf 89' lang='lat' dir='ltr'>quum</span> <span class='ocrx_word' id='word_1_65' title='bbox 910 1134 1027 1209; x_wconf 72' lang='lat' dir='ltr'>repente</span> <span class='ocrx_word' id='word_1_66' title='bbox 1038 1135 1117 1210; x_wconf 85' lang='lat' dir='ltr'>juve-</span> 
     </span>
     <span class='ocr_line' id='line_1_10' title="bbox 154 1210 1116 1286; baseline 0.001 -19"><span class='ocrx_word' id='word_1_67' title='bbox 154 1210 201 1268; x_wconf 79' lang='lat' dir='ltr'>ni&#39;s</span> <span class='ocrx_word' id='word_1_68' title='bbox 215 1212 365 1268; x_wconf 88' lang='lat' dir='ltr'>Romanus</span> <span class='ocrx_word' id='word_1_69' title='bbox 390 1211 576 1269; x_wconf 79' lang='lat' dir='ltr'>admiratione</span> <span class='ocrx_word' id='word_1_70' title='bbox 590 1212 619 1268; x_wconf 91' lang='lat' dir='ltr'>in</span> <span class='ocrx_word' id='word_1_71' title='bbox 643 1231 674 1269; x_wconf 90' lang='lat' dir='ltr'>se</span> <span class='ocrx_word' id='word_1_72' title='bbox 698 1212 775 1269; x_wconf 81' lang='lat' dir='ltr'>cives</span> <span class='ocrx_word' id='word_1_73' title='bbox 788 1212 946 1286; x_wconf 87' lang='lat' dir='ltr'>-hostesque</span> <span class='ocrx_word' id='word_1_74' title='bbox 968 1213 1116 1272; x_wconf 82' lang='lat' dir='ltr'>convertit.</span> 
     </span>
     <span class='ocr_line' id='line_1_11' title="bbox 156 1288 1152 1364; baseline 0 -20"><span class='ocrx_word' id='word_1_75' title='bbox 156 1288 337 1346; x_wconf 86' lang='lat' dir='ltr'>Sacrificium</span> <span class='ocrx_word' id='word_1_76' title='bbox 350 1299 411 1346; x_wconf 90' lang='lat' dir='ltr'>erat</span> <span class='ocrx_word' id='word_1_77' title='bbox 425 1299 528 1346; x_wconf 87' lang='lat' dir='ltr'>statum</span> <span class='ocrx_word' id='word_1_78' title='bbox 543 1289 572 1346; x_wconf 93' lang='lat' dir='ltr'>in</span> <span class='ocrx_word' id='word_1_79' title='bbox 595 1289 742 1350; x_wconf 76' lang='lat' dir='ltr'>Quirinali</span> <span class='ocrx_word' id='word_1_80' title='bbox 754 1289 827 1346; x_wconf 88' lang='lat' dir='ltr'>colle</span> <span class='ocrx_word' id='word_1_81' title='bbox 840 1289 919 1364; x_wconf 89' lang='lat' dir='ltr'>genti</span> <span class='ocrx_word' id='word_1_82' title='bbox 933 1288 1050 1345; x_wconf 79' lang='lat' dir='ltr'>Fsbiae:</span> <span class='ocrx_word' id='word_1_83' title='bbox 1081 1290 1152 1346; x_wconf 83' lang='lat' dir='ltr'>adro</span> 
     </span>
     <span class='ocr_line' id='line_1_12' title="bbox 154 1365 1117 1440; baseline 0.002 -19"><span class='ocrx_word' id='word_1_84' title='bbox 154 1365 183 1421; x_wconf 91' lang='lat' dir='ltr'>id</span> <span class='ocrx_word' id='word_1_85' title='bbox 199 1365 362 1423; x_wconf 87' lang='lat' dir='ltr'>laciendum</span> <span class='ocrx_word' id='word_1_86' title='bbox 376 1367 410 1423; x_wconf 88' lang='lat' dir='ltr'>C.</span> <span class='ocrx_word' id='word_1_87' title='bbox 426 1365 532 1423; x_wconf 81' lang='lat' dir='ltr'>Fabius</span> <span class='ocrx_word' id='word_1_88' title='bbox 546 1366 647 1440; x_wconf 88' lang='lat' dir='ltr'>Dorso,</span> <span class='ocrx_word' id='word_1_89' title='bbox 669 1366 783 1423; x_wconf 87' lang='lat' dir='ltr'>Gabino</span> <span class='ocrx_word' id='word_1_90' title='bbox 805 1367 914 1433; x_wconf 90' lang='lat' dir='ltr'>cinctu,</span> <span class='ocrx_word' id='word_1_91' title='bbox 933 1385 1015 1422; x_wconf 84' lang='lat' dir='ltr'>sacra</span> <span class='ocrx_word' id='word_1_92' title='bbox 1027 1385 1117 1424; x_wconf 88' lang='lat' dir='ltr'>maur·</span> 
     </span>
     <span class='ocr_line' id='line_1_13' title="bbox 154 1443 1118 1518; baseline 0 -19"><span class='ocrx_word' id='word_1_93' title='bbox 154 1443 208 1499; x_wconf 89' lang='lat' dir='ltr'>bus</span> <span class='ocrx_word' id='word_1_94' title='bbox 221 1463 334 1518; x_wconf 87' lang='lat' dir='ltr'>gerens,</span> <span class='ocrx_word' id='word_1_95' title='bbox 348 1462 435 1517; x_wconf 92' lang='lat' dir='ltr'>quum</span> <span class='ocrx_word' id='word_1_96' title='bbox 449 1444 485 1499; x_wconf 93' lang='lat' dir='ltr'>de</span> <span class='ocrx_word' id='word_1_97' title='bbox 500 1443 640 1518; x_wconf 87' lang='lat' dir='ltr'>Capitolio</span> <span class='ocrx_word' id='word_1_98' title='bbox 654 1444 858 1514; x_wconf 76' lang='lat' dir='ltr'>descendisset,</span> <span class='ocrx_word' id='word_1_99' title='bbox 873 1462 922 1518; x_wconf 88' lang='lat' dir='ltr'>per</span> <span class='ocrx_word' id='word_1_100' title='bbox 932 1443 1041 1500; x_wconf 86' lang='lat' dir='ltr'>medias</span> <span class='ocrx_word' id='word_1_101' title='bbox 1056 1444 1118 1500; x_wconf 89' lang='lat' dir='ltr'>hos·</span> 
     </span>
     <span class='ocr_line' id='line_1_14' title="bbox 153 1519 1116 1596; baseline 0.002 -20"><span class='ocrx_word' id='word_1_102' title='bbox 153 1521 226 1576; x_wconf 88' lang='lat' dir='ltr'>tium</span> <span class='ocrx_word' id='word_1_103' title='bbox 240 1521 374 1577; x_wconf 89' lang='lat' dir='ltr'>stationes</span> <span class='ocrx_word' id='word_1_104' title='bbox 388 1539 528 1595; x_wconf 85' lang='lat' dir='ltr'>egressus,</span> <span class='ocrx_word' id='word_1_105' title='bbox 540 1519 610 1578; x_wconf 89' lang='lat' dir='ltr'>nihil</span> <span class='ocrx_word' id='word_1_106' title='bbox 625 1521 661 1578; x_wconf 88' lang='lat' dir='ltr'>ad</span> <span class='ocrx_word' id='word_1_107' title='bbox 675 1539 774 1578; x_wconf 84' lang='lat' dir='ltr'>vocem</span> <span class='ocrx_word' id='word_1_108' title='bbox 787 1521 958 1596; x_wconf 82' lang='lat' dir='ltr'>cujusquam</span> <span class='ocrx_word' id='word_1_109' title='bbox 964 1530 1116 1578; x_wconf 85' lang='lat' dir='ltr'>terrorem·</span> 
     </span>
     <span class='ocr_line' id='line_1_15' title="bbox 153 1597 1116 1674; baseline 0.002 -22"><span class='ocrx_word' id='word_1_110' title='bbox 153 1615 187 1653; x_wconf 85' lang='lat' dir='ltr'>ve</span> <span class='ocrx_word' id='word_1_111' title='bbox 202 1608 304 1670; x_wconf 89' lang='lat' dir='ltr'>motus,</span> <span class='ocrx_word' id='word_1_112' title='bbox 318 1597 347 1654; x_wconf 89' lang='lat' dir='ltr'>iu</span> <span class='ocrx_word' id='word_1_113' title='bbox 361 1597 543 1658; x_wconf 75' lang='lat' dir='ltr'>Quirinalem</span> <span class='ocrx_word' id='word_1_114' title='bbox 565 1599 667 1656; x_wconf 90' lang='lat' dir='ltr'>collem</span> <span class='ocrx_word' id='word_1_115' title='bbox 691 1599 835 1674; x_wconf 88' lang='lat' dir='ltr'>pervenit:</span> <span class='ocrx_word' id='word_1_116' title='bbox 870 1598 965 1672; x_wconf 91' lang='lat' dir='ltr'>ibique</span> <span class='ocrx_word' id='word_1_117' title='bbox 983 1599 1116 1655; x_wconf 89' lang='lat' dir='ltr'>omnibus</span> 
     </span>
     <span class='ocr_line' id='line_1_16' title="bbox 153 1675 1150 1749; baseline 0.001 -18"><span class='ocrx_word' id='word_1_118' title='bbox 153 1675 308 1732; x_wconf 84' lang='lat' dir='ltr'>solenniter</span> <span class='ocrx_word' id='word_1_119' title='bbox 320 1675 452 1749; x_wconf 89' lang='lat' dir='ltr'>peractis,</span> <span class='ocrx_word' id='word_1_120' title='bbox 466 1677 567 1732; x_wconf 76' lang='lat' dir='ltr'>eidem</span> <span class='ocrx_word' id='word_1_121' title='bbox 580 1687 725 1732; x_wconf 87' lang='lat' dir='ltr'>revertens</span> <span class='ocrx_word' id='word_1_122' title='bbox 739 1675 869 1733; x_wconf 89' lang='lat' dir='ltr'>similiter</span> <span class='ocrx_word' id='word_1_123' title='bbox 880 1676 1022 1732; x_wconf 81' lang='lat' dir='ltr'>constanti</span> <span class='ocrx_word' id='word_1_124' title='bbox 1037 1676 1115 1734; x_wconf 80' lang='lat' dir='ltr'>vultu</span> <span class='ocrx_word' id='word_1_125' title='bbox 1126 1693 1150 1732; x_wconf 77' lang='lat'>1⁵</span> 
     </span>
     <span class='ocr_line' id='line_1_17' title="bbox 152 1752 1115 1828; baseline 0.004 -20"><span class='ocrx_word' id='word_1_126' title='bbox 152 1752 307 1828; x_wconf 85' lang='lat' dir='ltr'>graduque,</span> <span class='ocrx_word' id='word_1_127' title='bbox 322 1752 390 1808; x_wconf 88' lang='lat' dir='ltr'>satis</span> <span class='ocrx_word' id='word_1_128' title='bbox 403 1771 520 1826; x_wconf 84' lang='lat' dir='ltr'>sperans</span> <span class='ocrx_word' id='word_1_129' title='bbox 533 1753 667 1828; x_wconf 90' lang='lat' dir='ltr'>propitios</span> <span class='ocrx_word' id='word_1_130' title='bbox 679 1761 742 1810; x_wconf 84' lang='lat' dir='ltr'>esse</span> <span class='ocrx_word' id='word_1_131' title='bbox 763 1753 851 1824; x_wconf 88' lang='lat' dir='ltr'>Deos,</span> <span class='ocrx_word' id='word_1_132' title='bbox 873 1754 992 1827; x_wconf 79' lang='lat' dir='ltr'>quorum</span> <span class='ocrx_word' id='word_1_133' title='bbox 1007 1753 1115 1812; x_wconf 89' lang='lat' dir='ltr'>cultum</span> 
     </span>
     <span class='ocr_line' id='line_1_18' title="bbox 153 1829 1178 1906; baseline 0 -20"><span class='ocrx_word' id='word_1_134' title='bbox 153 1848 190 1886; x_wconf 91' lang='lat' dir='ltr'>ne</span> <span class='ocrx_word' id='word_1_135' title='bbox 204 1830 300 1886; x_wconf 87' lang='lat' dir='ltr'>mortis</span> <span class='ocrx_word' id='word_1_136' title='bbox 313 1829 429 1904; x_wconf 88' lang='lat' dir='ltr'>quidem</span> <span class='ocrx_word' id='word_1_137' title='bbox 443 1841 521 1886; x_wconf 87' lang='lat' dir='ltr'>metu</span> <span class='ocrx_word' id='word_1_138' title='bbox 535 1831 692 1906; x_wconf 88' lang='lat' dir='ltr'>prohibitus</span> <span class='ocrx_word' id='word_1_139' title='bbox 706 1829 886 1896; x_wconf 84' lang='lat' dir='ltr'>deseruisset,</span> <span class='ocrx_word' id='word_1_140' title='bbox 901 1830 931 1886; x_wconf 89' lang='lat' dir='ltr'>in</span> <span class='ocrx_word' id='word_1_141' title='bbox 943 1829 1116 1904; x_wconf 77' lang='lat' dir='ltr'>Capitolium</span> <span class='ocrx_word' id='word_1_142' title='bbox 1173 1847 1178 1853; x_wconf 89' lang='lat'>·</span> 
     </span>
     <span class='ocr_line' id='line_1_19' title="bbox 152 1907 1117 1976; baseline 0 -14"><span class='ocrx_word' id='word_1_143' title='bbox 152 1907 188 1962; x_wconf 82' lang='lat' dir='ltr'>ad</span> <span class='ocrx_word' id='word_1_144' title='bbox 203 1926 269 1964; x_wconf 89' lang='lat' dir='ltr'>suos</span> <span class='ocrx_word' id='word_1_145' title='bbox 282 1907 375 1976; x_wconf 88' lang='lat' dir='ltr'>rediit,</span> <span class='ocrx_word' id='word_1_146' title='bbox 390 1926 440 1964; x_wconf 90' lang='lat' dir='ltr'>seu</span> <span class='ocrx_word' id='word_1_147' title='bbox 455 1907 580 1964; x_wconf 89' lang='lat' dir='ltr'>attonitis</span> <span class='ocrx_word' id='word_1_148' title='bbox 594 1908 684 1965; x_wconf 74' lang='lat' dir='ltr'>Gallis</span> <span class='ocrx_word' id='word_1_149' title='bbox 704 1907 841 1964; x_wconf 91' lang='lat' dir='ltr'>miraculo</span> <span class='ocrx_word' id='word_1_150' title='bbox 856 1907 993 1976; x_wconf 83' lang='lat' dir='ltr'>audaciae,</span> <span class='ocrx_word' id='word_1_151' title='bbox 1008 1925 1059 1963; x_wconf 88' lang='lat' dir='ltr'>seu</span> <span class='ocrx_word' id='word_1_152' title='bbox 1074 1925 1117 1963; x_wconf 87' lang='lat' dir='ltr'>re·</span> 
     </span>
     <span class='ocr_line' id='line_1_20' title="bbox 153 1983 1211 2063; baseline 0 -23"><span class='ocrx_word' id='word_1_153' title='bbox 153 1983 258 2060; x_wconf 86' lang='lat' dir='ltr'>ligione</span> <span class='ocrx_word' id='word_1_154' title='bbox 273 1985 358 2041; x_wconf 85' lang='lat' dir='ltr'>etiam</span> <span class='ocrx_word' id='word_1_155' title='bbox 373 1985 465 2056; x_wconf 89' lang='lat' dir='ltr'>motis,</span> <span class='ocrx_word' id='word_1_156' title='bbox 478 1987 560 2061; x_wconf 89' lang='lat' dir='ltr'>cujus</span> <span class='ocrx_word' id='word_1_157' title='bbox 584 1987 798 2059; x_wconf 75' lang='lat' dir='ltr'>haudqui‘qusm</span> <span class='ocrx_word' id='word_1_158' title='bbox 813 1983 963 2058; x_wconf 83' lang='lat' dir='ltr'>negligens</span> <span class='ocrx_word' id='word_1_159' title='bbox 976 1994 1020 2040; x_wconf 87' lang='lat' dir='ltr'>est</span> <span class='ocrx_word' id='word_1_160' title='bbox 1033 2003 1114 2063; x_wconf 85' lang='lat' dir='ltr'>gens.</span> <span class='ocrx_word' id='word_1_161' title='bbox 1202 2019 1211 2028; x_wconf 75' lang='lat'>,</span> 
     </span>
     <span class='ocr_line' id='line_1_21' title="bbox 152 2061 1150 2138; baseline -0.002 -20"><span class='ocrx_word' id='word_1_162' title='bbox 152 2061 232 2138; x_wconf 84' lang='lat' dir='ltr'>Vojis</span> <span class='ocrx_word' id='word_1_163' title='bbox 247 2063 359 2120; x_wconf 90' lang='lat' dir='ltr'>interim</span> <span class='ocrx_word' id='word_1_164' title='bbox 385 2081 442 2138; x_wconf 85' lang='lat' dir='ltr'>rron</span> <span class='ocrx_word' id='word_1_165' title='bbox 467 2063 555 2120; x_wconf 87' lang='lat' dir='ltr'>animi</span> <span class='ocrx_word' id='word_1_166' title='bbox 576 2064 685 2120; x_wconf 88' lang='lat' dir='ltr'>tantrim</span> <span class='ocrx_word' id='word_1_167' title='bbox 706 2063 736 2121; x_wconf 89' lang='lat' dir='ltr'>iu</span> <span class='ocrx_word' id='word_1_168' title='bbox 758 2061 828 2132; x_wconf 91' lang='lat' dir='ltr'>dies,</span> <span class='ocrx_word' id='word_1_169' title='bbox 851 2061 901 2116; x_wconf 88' lang='lat' dir='ltr'>sed</span> <span class='ocrx_word' id='word_1_170' title='bbox 925 2062 1011 2118; x_wconf 85' lang='lat' dir='ltr'>etiam</span> <span class='ocrx_word' id='word_1_171' title='bbox 1032 2061 1150 2136; x_wconf 81' lang='lat' dir='ltr'>vires,sn</span> 
     </span>
     <span class='ocr_line' id='line_1_22' title="bbox 151 2138 1114 2213; baseline -0.002 -17"><span class='ocrx_word' id='word_1_172' title='bbox 151 2141 320 2197; x_wconf 86' lang='lat' dir='ltr'>crescebant</span> <span class='ocrx_word' id='word_1_173' title='bbox 331 2159 339 2209; x_wconf 83' lang='lat'>3</span> <span class='ocrx_word' id='word_1_174' title='bbox 360 2159 416 2196; x_wconf 90' lang='lat' dir='ltr'>nec</span> <span class='ocrx_word' id='word_1_175' title='bbox 429 2140 570 2197; x_wconf 84' lang='lat' dir='ltr'>Romanis</span> <span class='ocrx_word' id='word_1_176' title='bbox 583 2139 674 2198; x_wconf 82' lang='lat' dir='ltr'>solirm</span> <span class='ocrx_word' id='word_1_177' title='bbox 688 2138 724 2196; x_wconf 81' lang='lat' dir='ltr'>eb</span> <span class='ocrx_word' id='word_1_178' title='bbox 735 2138 972 2196; x_wconf 85' lang='lat' dir='ltr'>convenientibus</span> <span class='ocrx_word' id='word_1_179' title='bbox 980 2157 1017 2195; x_wconf 87' lang='lat' dir='ltr'>ex</span> <span class='ocrx_word' id='word_1_180' title='bbox 1030 2139 1114 2213; x_wconf 87' lang='lat' dir='ltr'>agris,</span> 
     </span>
     <span class='ocr_line' id='line_1_23' title="bbox 151 2216 1155 2292; baseline -0.001 -19"><span class='ocrx_word' id='word_1_181' title='bbox 151 2217 199 2291; x_wconf 92' lang='lat' dir='ltr'>qui</span> <span class='ocrx_word' id='word_1_182' title='bbox 219 2235 235 2273; x_wconf 85' lang='lat' dir='ltr'>a</span> <span class='ocrx_word' id='word_1_183' title='bbox 255 2218 355 2292; x_wconf 86' lang='lat' dir='ltr'>proelio</span> <span class='ocrx_word' id='word_1_184' title='bbox 378 2218 495 2274; x_wconf 83' lang='lat' dir='ltr'>adverso</span> <span class='ocrx_word' id='word_1_185' title='bbox 509 2228 558 2274; x_wconf 89' lang='lat' dir='ltr'>aut</span> <span class='ocrx_word' id='word_1_186' title='bbox 571 2218 654 2274; x_wconf 85' lang='lat' dir='ltr'>clade</span> <span class='ocrx_word' id='word_1_187' title='bbox 674 2227 765 2290; x_wconf 75' lang='lat' dir='ltr'>captae</span> <span class='ocrx_word' id='word_1_188' title='bbox 786 2216 864 2272; x_wconf 90' lang='lat' dir='ltr'>urbis</span> <span class='ocrx_word' id='word_1_189' title='bbox 883 2217 970 2290; x_wconf 86' lang='lat' dir='ltr'>palati</span> <span class='ocrx_word' id='word_1_190' title='bbox 991 2216 1113 2288; x_wconf 82' lang='lat' dir='ltr'>fuerant,</span> <span class='ocrx_word' id='word_1_191' title='bbox 1150 2228 1155 2240; x_wconf 90' lang='lat'>&#39;</span> 
     </span>
     <span class='ocr_line' id='line_1_24' title="bbox 151 2293 1115 2368; baseline -0.001 -18"><span class='ocrx_word' id='word_1_192' title='bbox 151 2295 201 2350; x_wconf 88' lang='lat' dir='ltr'>sed</span> <span class='ocrx_word' id='word_1_193' title='bbox 215 2295 301 2350; x_wconf 89' lang='lat' dir='ltr'>etiam</span> <span class='ocrx_word' id='word_1_194' title='bbox 315 2313 351 2350; x_wconf 84' lang='lat' dir='ltr'>ex</span> <span class='ocrx_word' id='word_1_195' title='bbox 364 2294 447 2350; x_wconf 91' lang='lat' dir='ltr'>Latio</span> <span class='ocrx_word' id='word_1_196' title='bbox 460 2294 624 2351; x_wconf 83' lang='lat' dir='ltr'>voluntarii</span> <span class='ocrx_word' id='word_1_197' title='bbox 632 2293 852 2363; x_wconf 84' lang='lat' dir='ltr'>confluentibus,</span> <span class='ocrx_word' id='word_1_198' title='bbox 868 2295 937 2350; x_wconf 93' lang='lat' dir='ltr'>utin</span> <span class='ocrx_word' id='word_1_199' title='bbox 951 2303 1031 2368; x_wconf 85' lang='lat' dir='ltr'>parte</span> <span class='ocrx_word' id='word_1_200' title='bbox 1044 2311 1115 2368; x_wconf 78' lang='lat' dir='ltr'>pras·</span> 
     </span>
     <span class='ocr_line' id='line_1_25' title="bbox 151 2370 1115 2447; baseline -0.001 -20"><span class='ocrx_word' id='word_1_201' title='bbox 151 2371 194 2427; x_wconf 82' lang='lat' dir='ltr'>dae</span> <span class='ocrx_word' id='word_1_202' title='bbox 208 2383 311 2428; x_wconf 88' lang='lat' dir='ltr'>essent.</span> <span class='ocrx_word' id='word_1_203' title='bbox 354 2370 499 2428; x_wconf 76' lang='lat' dir='ltr'>Moturum</span> <span class='ocrx_word' id='word_1_204' title='bbox 517 2371 575 2447; x_wconf 87' lang='lat' dir='ltr'>jam</span> <span class='ocrx_word' id='word_1_205' title='bbox 597 2372 753 2442; x_wconf 88' lang='lat' dir='ltr'>videbatur,</span> <span class='ocrx_word' id='word_1_206' title='bbox 772 2371 861 2445; x_wconf 89' lang='lat' dir='ltr'>repeti</span> <span class='ocrx_word' id='word_1_207' title='bbox 882 2371 1012 2446; x_wconf 81' lang='lat' dir='ltr'>patriam,</span> <span class='ocrx_word' id='word_1_208' title='bbox 1032 2371 1115 2446; x_wconf 85' lang='lat' dir='ltr'>eripi·</span> 
     </span>
     <span class='ocr_line' id='line_1_26' title="bbox 150 2447 1150 2524; baseline 0 -20"><span class='ocrx_word' id='word_1_209' title='bbox 150 2467 205 2522; x_wconf 88' lang='lat' dir='ltr'>que</span> <span class='ocrx_word' id='word_1_210' title='bbox 219 2467 255 2504; x_wconf 90' lang='lat' dir='ltr'>ex</span> <span class='ocrx_word' id='word_1_211' title='bbox 269 2448 391 2504; x_wconf 91' lang='lat' dir='ltr'>hostium</span> <span class='ocrx_word' id='word_1_212' title='bbox 412 2447 564 2518; x_wconf 84' lang='lat' dir='ltr'>manibus3</span> <span class='ocrx_word' id='word_1_213' title='bbox 595 2449 645 2505; x_wconf 88' lang='lat' dir='ltr'>sed</span> <span class='ocrx_word' id='word_1_214' title='bbox 659 2450 769 2524; x_wconf 85' lang='lat' dir='ltr'>corpori</span> <span class='ocrx_word' id='word_1_215' title='bbox 787 2448 880 2506; x_wconf 86' lang='lat' dir='ltr'>valido</span> <span class='ocrx_word' id='word_1_216' title='bbox 901 2457 987 2522; x_wconf 88' lang='lat' dir='ltr'>caput</span> <span class='ocrx_word' id='word_1_217' title='bbox 1007 2449 1150 2505; x_wconf 72' lang='lat' dir='ltr'>decretus</span> 
     </span>
     <span class='ocr_line' id='line_1_27' title="bbox 150 2525 1113 2601; baseline -0.001 -18"><span class='ocrx_word' id='word_1_218' title='bbox 150 2525 247 2583; x_wconf 91' lang='lat' dir='ltr'>Locus</span> <span class='ocrx_word' id='word_1_219' title='bbox 261 2527 321 2600; x_wconf 90' lang='lat' dir='ltr'>ipse</span> <span class='ocrx_word' id='word_1_220' title='bbox 336 2526 507 2582; x_wconf 87' lang='lat' dir='ltr'>admonebat</span> <span class='ocrx_word' id='word_1_221' title='bbox 520 2527 643 2597; x_wconf 85' lang='lat' dir='ltr'>Camilli,</span> <span class='ocrx_word' id='word_1_222' title='bbox 658 2537 687 2584; x_wconf 87' lang='lat' dir='ltr'>et</span> <span class='ocrx_word' id='word_1_223' title='bbox 708 2544 813 2601; x_wconf 82' lang='lat' dir='ltr'>magna</span> <span class='ocrx_word' id='word_1_224' title='bbox 825 2545 891 2600; x_wconf 87' lang='lat' dir='ltr'>pars</span> <span class='ocrx_word' id='word_1_225' title='bbox 908 2526 1029 2582; x_wconf 91' lang='lat' dir='ltr'>militurn</span> <span class='ocrx_word' id='word_1_226' title='bbox 1044 2536 1113 2596; x_wconf 87' lang='lat' dir='ltr'>erat,</span> 
     </span>
     <span class='ocr_line' id='line_1_28' title="bbox 149 2602 1218 2680; baseline -0.001 -20"><span class='ocrx_word' id='word_1_227' title='bbox 149 2605 197 2680; x_wconf 92' lang='lat' dir='ltr'>qui</span> <span class='ocrx_word' id='word_1_228' title='bbox 212 2603 300 2661; x_wconf 92' lang='lat' dir='ltr'>ductu</span> <span class='ocrx_word' id='word_1_229' title='bbox 314 2604 496 2679; x_wconf 89' lang='lat' dir='ltr'>auspicioque</span> <span class='ocrx_word' id='word_1_230' title='bbox 510 2605 572 2680; x_wconf 84' lang='lat' dir='ltr'>ejus</span> <span class='ocrx_word' id='word_1_231' title='bbox 585 2623 631 2661; x_wconf 87' lang='lat' dir='ltr'>res</span> <span class='ocrx_word' id='word_1_232' title='bbox 644 2604 776 2679; x_wconf 73' lang='lat' dir='ltr'>prospere</span> <span class='ocrx_word' id='word_1_233' title='bbox 790 2613 954 2678; x_wconf 85' lang='lat' dir='ltr'>gesserant:</span> <span class='ocrx_word' id='word_1_234' title='bbox 976 2615 1006 2660; x_wconf 92' lang='lat' dir='ltr'>et</span> <span class='ocrx_word' id='word_1_235' title='bbox 1020 2602 1114 2659; x_wconf 79' lang='lat' dir='ltr'>Credi·</span> <span class='ocrx_word' id='word_1_236' title='bbox 1212 2670 1218 2678; x_wconf 67' lang='lat'>„</span> 
     </span>
     <span class='ocr_line' id='line_1_29' title="bbox 150 2677 1114 2758; baseline -0.003 -18"><span class='ocrx_word' id='word_1_237' title='bbox 150 2684 213 2740; x_wconf 90' lang='lat' dir='ltr'>cius</span> <span class='ocrx_word' id='word_1_238' title='bbox 227 2701 342 2758; x_wconf 90' lang='lat' dir='ltr'>negare,</span> <span class='ocrx_word' id='word_1_239' title='bbox 357 2701 387 2738; x_wconf 90' lang='lat' dir='ltr'>se</span> <span class='ocrx_word' id='word_1_240' title='bbox 402 2682 628 2752; x_wconf 89' lang='lat' dir='ltr'>commissurum,</span> <span class='ocrx_word' id='word_1_241' title='bbox 644 2701 696 2738; x_wconf 91' lang='lat' dir='ltr'>cur</span> <span class='ocrx_word' id='word_1_242' title='bbox 716 2681 770 2738; x_wconf 89' lang='lat' dir='ltr'>sibi</span> <span class='ocrx_word' id='word_1_243' title='bbox 795 2691 844 2738; x_wconf 90' lang='lat' dir='ltr'>aut</span> <span class='ocrx_word' id='word_1_244' title='bbox 857 2677 984 2737; x_wconf 87' lang='lat' dir='ltr'>Deorum</span> <span class='ocrx_word' id='word_1_245' title='bbox 999 2690 1048 2736; x_wconf 91' lang='lat' dir='ltr'>aut</span> <span class='ocrx_word' id='word_1_246' title='bbox 1067 2680 1114 2737; x_wconf 89' lang='lat' dir='ltr'>ho·</span> 
     </span>
     <span class='ocr_line' id='line_1_30' title="bbox 149 2755 1113 2835; baseline -0.004 -18"><span class='ocrx_word' id='word_1_247' title='bbox 149 2761 259 2818; x_wconf 90' lang='lat' dir='ltr'>minum</span> <span class='ocrx_word' id='word_1_248' title='bbox 272 2761 418 2835; x_wconf 88' lang='lat' dir='ltr'>quisquam</span> <span class='ocrx_word' id='word_1_249' title='bbox 434 2761 583 2835; x_wconf 89' lang='lat' dir='ltr'>imperium</span> <span class='ocrx_word' id='word_1_250' title='bbox 598 2759 692 2816; x_wconf 89' lang='lat' dir='ltr'>finiret</span> <span class='ocrx_word' id='word_1_251' title='bbox 710 2759 815 2834; x_wconf 73' lang='lat' dir='ltr'>potius,</span> <span class='ocrx_word' id='word_1_252' title='bbox 829 2757 916 2832; x_wconf 63' lang='lat' dir='ltr'>quim</span> <span class='ocrx_word' id='word_1_253' title='bbox 931 2755 991 2833; x_wconf 88' lang='lat' dir='ltr'>ipse</span> <span class='ocrx_word' id='word_1_254' title='bbox 1005 2775 1113 2814; x_wconf 88' lang='lat' dir='ltr'>memor</span> 
     </span>
     <span class='ocr_line' id='line_1_31' title="bbox 148 2835 1148 2914; baseline -0.006 -18"><span class='ocrx_word' id='word_1_255' title='bbox 148 2839 257 2896; x_wconf 89' lang='lat' dir='ltr'>ordinis</span> <span class='ocrx_word' id='word_1_256' title='bbox 270 2837 313 2895; x_wconf 91' lang='lat' dir='ltr'>sui</span> <span class='ocrx_word' id='word_1_257' title='bbox 327 2849 457 2914; x_wconf 86' lang='lat' dir='ltr'>posceret¹</span> <span class='ocrx_word' id='word_1_258' title='bbox 467 2837 673 2914; x_wconf 85' lang='lat' dir='ltr'>imperatorem.</span> <span class='ocrx_word' id='word_1_259' title='bbox 696 2835 845 2908; x_wconf 87' lang='lat' dir='ltr'>Consensu</span> <span class='ocrx_word' id='word_1_260' title='bbox 856 2835 984 2892; x_wconf 89' lang='lat' dir='ltr'>omnium</span> <span class='ocrx_word' id='word_1_261' title='bbox 995 2835 1112 2909; x_wconf 80' lang='lat' dir='ltr'>placuit,</span> <span class='ocrx_word' id='word_1_262' title='bbox 1121 2850 1148 2890; x_wconf 77' lang='lat' dir='ltr'>so</span> 
     </span>
     <span class='ocr_line' id='line_1_32' title="bbox 149 2912 1112 2986; baseline -0.005 -13"><span class='ocrx_word' id='word_1_263' title='bbox 149 2917 185 2973; x_wconf 91' lang='lat' dir='ltr'>ab</span> <span class='ocrx_word' id='word_1_264' title='bbox 200 2917 295 2973; x_wconf 65' lang='lat' dir='ltr'>Ardet</span> <span class='ocrx_word' id='word_1_265' title='bbox 309 2915 462 2972; x_wconf 89' lang='lat' dir='ltr'>Camillum</span> <span class='ocrx_word' id='word_1_266' title='bbox 476 2916 584 2984; x_wconf 81' lang='lat' dir='ltr'>acciri3</span> <span class='ocrx_word' id='word_1_267' title='bbox 613 2916 663 2971; x_wconf 90' lang='lat' dir='ltr'>sed</span> <span class='ocrx_word' id='word_1_268' title='bbox 686 2925 770 2970; x_wconf 83' lang='lat' dir='ltr'>antea</span> <span class='ocrx_word' id='word_1_269' title='bbox 791 2913 921 2970; x_wconf 88' lang='lat' dir='ltr'>consulto</span> <span class='ocrx_word' id='word_1_270' title='bbox 939 2923 1051 2984; x_wconf 82' lang='lat' dir='ltr'>senatu,</span> <span class='ocrx_word' id='word_1_271' title='bbox 1064 2912 1112 2986; x_wconf 91' lang='lat' dir='ltr'>qui</span> 
     </span>
     <span class='ocr_line' id='line_1_33' title="bbox 149 2991 1112 3068; baseline -0.006 -17"><span class='ocrx_word' id='word_1_272' title='bbox 149 2995 252 3052; x_wconf 81' lang='lat' dir='ltr'>Rornae</span> <span class='ocrx_word' id='word_1_273' title='bbox 279 3004 370 3050; x_wconf 84' lang='lat' dir='ltr'>esset:</span> <span class='ocrx_word' id='word_1_274' title='bbox 405 2991 476 3049; x_wconf 81' lang='lat' dir='ltr'>adeb</span> <span class='ocrx_word' id='word_1_275' title='bbox 497 2993 614 3068; x_wconf 84' lang='lat' dir='ltr'>regebat</span> <span class='ocrx_word' id='word_1_276' title='bbox 639 2992 736 3053; x_wconf 89' lang='lat' dir='ltr'>omnia</span> <span class='ocrx_word' id='word_1_277' title='bbox 763 2991 863 3066; x_wconf 91' lang='lat' dir='ltr'>pudor,</span> <span class='ocrx_word' id='word_1_278' title='bbox 890 2991 1112 3064; x_wconf 80' lang='lat' dir='ltr'>discriminaque</span> 
     </span>
     <span class='ocr_line' id='line_1_34' title="bbox 148 3065 1113 3147; baseline -0.004 -19"><span class='ocrx_word' id='word_1_279' title='bbox 148 3091 242 3128; x_wconf 89' lang='lat' dir='ltr'>rerum</span> <span class='ocrx_word' id='word_1_280' title='bbox 263 3073 348 3146; x_wconf 67' lang='lat' dir='ltr'>propi</span> <span class='ocrx_word' id='word_1_281' title='bbox 370 3071 486 3147; x_wconf 90' lang='lat' dir='ltr'>perditis</span> <span class='ocrx_word' id='word_1_282' title='bbox 517 3071 602 3127; x_wconf 90' lang='lat' dir='ltr'>rebus</span> <span class='ocrx_word' id='word_1_283' title='bbox 630 3070 787 3126; x_wconf 85' lang='lat' dir='ltr'>servabant.</span> <span class='ocrx_word' id='word_1_284' title='bbox 843 3068 957 3144; x_wconf 91' lang='lat' dir='ltr'>Ingenti</span> <span class='ocrx_word' id='word_1_285' title='bbox 985 3065 1113 3142; x_wconf 84' lang='lat' dir='ltr'>periculo</span> 
     </span>
     <span class='ocr_line' id='line_1_35' title="bbox 148 3145 1113 3223; baseline -0.005 -18"><span class='ocrx_word' id='word_1_286' title='bbox 148 3149 353 3206; x_wconf 88' lang='lat' dir='ltr'>transeundum</span> <span class='ocrx_word' id='word_1_287' title='bbox 367 3169 416 3223; x_wconf 92' lang='lat' dir='ltr'>per</span> <span class='ocrx_word' id='word_1_288' title='bbox 438 3149 561 3206; x_wconf 91' lang='lat' dir='ltr'>hostium</span> <span class='ocrx_word' id='word_1_289' title='bbox 575 3147 719 3205; x_wconf 87' lang='lat' dir='ltr'>custodias</span> <span class='ocrx_word' id='word_1_290' title='bbox 732 3158 808 3203; x_wconf 87' lang='lat' dir='ltr'>erat:</span> <span class='ocrx_word' id='word_1_291' title='bbox 838 3147 874 3202; x_wconf 86' lang='lat' dir='ltr'>ad</span> <span class='ocrx_word' id='word_1_292' title='bbox 889 3165 953 3204; x_wconf 86' lang='lat' dir='ltr'>eum</span> <span class='ocrx_word' id='word_1_293' title='bbox 963 3163 1024 3202; x_wconf 89' lang='lat' dir='ltr'>rem</span> <span class='ocrx_word' id='word_1_294' title='bbox 1039 3145 1113 3201; x_wconf 91' lang='lat' dir='ltr'>Pon·</span> 
     </span>
     <span class='ocr_line' id='line_1_36' title="bbox 148 3223 1147 3302; baseline -0.005 -20"><span class='ocrx_word' id='word_1_295' title='bbox 148 3227 205 3282; x_wconf 89' lang='lat' dir='ltr'>tius</span> <span class='ocrx_word' id='word_1_296' title='bbox 219 3225 378 3292; x_wconf 90' lang='lat' dir='ltr'>Cominius,</span> <span class='ocrx_word' id='word_1_297' title='bbox 394 3227 513 3302; x_wconf 86' lang='lat' dir='ltr'>impiger</span> <span class='ocrx_word' id='word_1_298' title='bbox 531 3227 653 3302; x_wconf 83' lang='lat' dir='ltr'>juvenis,</span> <span class='ocrx_word' id='word_1_299' title='bbox 675 3243 791 3298; x_wconf 88' lang='lat' dir='ltr'>operam</span> <span class='ocrx_word' id='word_1_300' title='bbox 805 3224 955 3300; x_wconf 88' lang='lat' dir='ltr'>pollicitus,</span> <span class='ocrx_word' id='word_1_301' title='bbox 971 3223 1147 3280; x_wconf 82' lang='lat' dir='ltr'>incubansss</span> 
     </span>
     <span class='ocr_line' id='line_1_37' title="bbox 149 3301 1113 3375; baseline -0.005 -14"><span class='ocrx_word' id='word_1_302' title='bbox 149 3304 258 3373; x_wconf 87' lang='lat' dir='ltr'>cortici,</span> <span class='ocrx_word' id='word_1_303' title='bbox 273 3303 400 3360; x_wconf 89' lang='lat' dir='ltr'>secundo</span> <span class='ocrx_word' id='word_1_304' title='bbox 414 3303 515 3361; x_wconf 90' lang='lat' dir='ltr'>Tiberi</span> <span class='ocrx_word' id='word_1_305' title='bbox 530 3303 565 3361; x_wconf 91' lang='lat' dir='ltr'>ad</span> <span class='ocrx_word' id='word_1_306' title='bbox 579 3305 678 3361; x_wconf 89' lang='lat' dir='ltr'>urbem</span> <span class='ocrx_word' id='word_1_307' title='bbox 693 3303 833 3367; x_wconf 84' lang='lat' dir='ltr'>defertur:</span> <span class='ocrx_word' id='word_1_308' title='bbox 861 3303 939 3372; x_wconf 89' lang='lat' dir='ltr'>inde,</span> <span class='ocrx_word' id='word_1_309' title='bbox 952 3303 1007 3375; x_wconf 72' lang='lat' dir='ltr'>qud</span> <span class='ocrx_word' id='word_1_310' title='bbox 1020 3301 1113 3374; x_wconf 90' lang='lat' dir='ltr'>proxi-</span> 
     </span>
     <span class='ocr_line' id='line_1_38' title="bbox 148 3378 1154 3458; baseline -0.005 -20"><span class='ocrx_word' id='word_1_311' title='bbox 148 3401 227 3438; x_wconf 91' lang='lat' dir='ltr'>mum</span> <span class='ocrx_word' id='word_1_312' title='bbox 244 3381 296 3438; x_wconf 85' lang='lat' dir='ltr'>fuir</span> <span class='ocrx_word' id='word_1_313' title='bbox 310 3381 411 3456; x_wconf 78' lang='lat' dir='ltr'>aripti,</span> <span class='ocrx_word' id='word_1_314' title='bbox 425 3399 474 3455; x_wconf 92' lang='lat' dir='ltr'>per</span> <span class='ocrx_word' id='word_1_315' title='bbox 488 3381 668 3458; x_wconf 70' lang='lat' dir='ltr'>proruptum,</span> <span class='ocrx_word' id='word_1_316' title='bbox 691 3379 782 3454; x_wconf 79' lang='lat' dir='ltr'>eoque</span> <span class='ocrx_word' id='word_1_317' title='bbox 805 3380 967 3455; x_wconf 88' lang='lat' dir='ltr'>neglectum</span> <span class='ocrx_word' id='word_1_318' title='bbox 988 3378 1112 3434; x_wconf 86' lang='lat' dir='ltr'>hostium</span> <span class='ocrx_word' id='word_1_319' title='bbox 1148 3383 1154 3394; x_wconf 68' lang='lat'><em>¹</em></span> 
     </span>
     <span class='ocr_line' id='line_1_39' title="bbox 148 3456 1113 3534; baseline -0.005 -18"><span class='ocrx_word' id='word_1_320' title='bbox 148 3460 294 3532; x_wconf 77' lang='lat' dir='ltr'>custodiar,</span> <span class='ocrx_word' id='word_1_321' title='bbox 309 3477 407 3516; x_wconf 86' lang='lat' dir='ltr'>sarum</span> <span class='ocrx_word' id='word_1_322' title='bbox 429 3459 459 3514; x_wconf 92' lang='lat' dir='ltr'>in</span> <span class='ocrx_word' id='word_1_323' title='bbox 484 3459 654 3534; x_wconf 88' lang='lat' dir='ltr'>Capitolium</span> <span class='ocrx_word' id='word_1_324' title='bbox 676 3459 789 3527; x_wconf 81' lang='lat' dir='ltr'>evadit3</span> <span class='ocrx_word' id='word_1_325' title='bbox 823 3457 909 3514; x_wconf 83' lang='lat' dir='ltr'>etad</span> <span class='ocrx_word' id='word_1_326' title='bbox 921 3456 1113 3532; x_wconf 55' lang='lat' dir='ltr'>⁸mogitratus</span> 
     </span>
     <span class='ocr_line' id='line_1_40' title="bbox 149 3533 1112 3612; baseline -0.005 -18"><span class='ocrx_word' id='word_1_327' title='bbox 149 3537 261 3607; x_wconf 88' lang='lat' dir='ltr'>ductus,</span> <span class='ocrx_word' id='word_1_328' title='bbox 277 3537 411 3594; x_wconf 89' lang='lat' dir='ltr'>mandata</span> <span class='ocrx_word' id='word_1_329' title='bbox 424 3537 563 3594; x_wconf 76' lang='lat' dir='ltr'>exercitus</span> <span class='ocrx_word' id='word_1_330' title='bbox 577 3537 644 3594; x_wconf 90' lang='lat' dir='ltr'>edit.</span> <span class='ocrx_word' id='word_1_331' title='bbox 687 3535 818 3612; x_wconf 87' lang='lat' dir='ltr'>Accepto</span> <span class='ocrx_word' id='word_1_332' title='bbox 838 3535 906 3592; x_wconf 88' lang='lat' dir='ltr'>inde</span> <span class='ocrx_word' id='word_1_333' title='bbox 930 3535 1044 3592; x_wconf 81' lang='lat' dir='ltr'>senatds</span> <span class='ocrx_word' id='word_1_334' title='bbox 1063 3533 1112 3590; x_wconf 89' lang='lat' dir='ltr'>de·</span> 
     </span>
     <span class='ocr_line' id='line_1_41' title="bbox 149 3611 1147 3688; baseline -0.006 -16"><span class='ocrx_word' id='word_1_335' title='bbox 149 3626 238 3688; x_wconf 88' lang='lat' dir='ltr'>creto,</span> <span class='ocrx_word' id='word_1_336' title='bbox 265 3624 297 3670; x_wconf 92' lang='lat' dir='ltr'>ut</span> <span class='ocrx_word' id='word_1_337' title='bbox 322 3626 360 3685; x_wconf 88' lang='lat' dir='ltr'>et,</span> <span class='ocrx_word' id='word_1_338' title='bbox 388 3613 510 3672; x_wconf 88' lang='lat' dir='ltr'>comitiis</span> <span class='ocrx_word' id='word_1_339' title='bbox 537 3615 654 3672; x_wconf 89' lang='lat' dir='ltr'>curiatis</span> <span class='ocrx_word' id='word_1_340' title='bbox 673 3617 822 3674; x_wconf 77' lang='lat' dir='ltr'>revocatus</span> <span class='ocrx_word' id='word_1_341' title='bbox 843 3614 880 3669; x_wconf 86' lang='lat' dir='ltr'>de</span> <span class='ocrx_word' id='word_1_342' title='bbox 901 3612 1010 3684; x_wconf 81' lang='lat' dir='ltr'>exsilio,</span> <span class='ocrx_word' id='word_1_343' title='bbox 1029 3611 1147 3686; x_wconf 73' lang='lat' dir='ltr'>jussura</span> 
     </span>
     <span class='ocr_line' id='line_1_42' title="bbox 149 3689 1112 3768; baseline -0.007 -17"><span class='ocrx_word' id='word_1_344' title='bbox 149 3694 244 3768; x_wconf 92' lang='lat' dir='ltr'>populi</span> <span class='ocrx_word' id='word_1_345' title='bbox 258 3692 397 3748; x_wconf 89' lang='lat' dir='ltr'>Camillus</span> <span class='ocrx_word' id='word_1_346' title='bbox 411 3693 530 3748; x_wconf 82' lang='lat' dir='ltr'>dictator</span> <span class='ocrx_word' id='word_1_347' title='bbox 550 3691 691 3765; x_wconf 83' lang='lat' dir='ltr'>extemplo</span> <span class='ocrx_word' id='word_1_348' title='bbox 712 3691 863 3760; x_wconf 85' lang='lat' dir='ltr'>diceretur,</span> <span class='ocrx_word' id='word_1_349' title='bbox 889 3690 1048 3762; x_wconf 86' lang='lat' dir='ltr'>militesque</span> <span class='ocrx_word' id='word_1_350' title='bbox 1062 3689 1112 3745; x_wconf 88' lang='lat' dir='ltr'>ba-</span> 
     </span>
     <span class='ocr_line' id='line_1_43' title="bbox 149 3766 1112 3844; baseline -0.002 -19"><span class='ocrx_word' id='word_1_351' title='bbox 149 3769 251 3827; x_wconf 87' lang='lat' dir='ltr'>herent</span> <span class='ocrx_word' id='word_1_352' title='bbox 264 3771 470 3844; x_wconf 89' lang='lat' dir='ltr'>imperatorem,</span> <span class='ocrx_word' id='word_1_353' title='bbox 484 3787 569 3842; x_wconf 78' lang='lat' dir='ltr'>quem</span> <span class='ocrx_word' id='word_1_354' title='bbox 578 3769 701 3836; x_wconf 80' lang='lat' dir='ltr'>vellent3</span> <span class='ocrx_word' id='word_1_355' title='bbox 722 3769 822 3826; x_wconf 73' lang='lat' dir='ltr'>eidem</span> <span class='ocrx_word' id='word_1_356' title='bbox 834 3768 985 3843; x_wconf 86' lang='lat' dir='ltr'>degressus</span> <span class='ocrx_word' id='word_1_357' title='bbox 993 3766 1112 3826; x_wconf 82' lang='lat' dir='ltr'>nuntius</span> 
     </span>
    </p>
   </div>
   <div class='ocr_carea' id='block_1_4' title="bbox 0 0 1320 4228">
    <p class='ocr_par' dir='ltr' id='par_1_4' title="bbox 0 0 1320 4228">
     <span class='ocr_line' id='line_1_44' title="bbox 0 0 1320 4228; baseline 0 2"><span class='ocrx_word' id='word_1_358' title='bbox 0 0 1320 4228; x_wconf 95' lang='lat' dir='ltr'> </span> 
     </span>
    </p>
   </div>
  </div>
 </body>
</html>
