2632 4224
146 349 167 408 2
234 359 239 365 ·
436 347 589 412 samona
607 347 701 396 mam
718 347 826 397 aaran.

148 489 213 537 iecit.
248 502 289 536 xi..
303 485 405 534 Occisus
413 488 484 535 estab
494 489 555 535 Anci
564 488 625 546 filiis,
634 503 708 549 quum
720 484 844 562 repuisset
856 503 931 536 annos
940 488 1035 550 triginta
1046 494 1111 538 octo.

148 566 203 599 xus.
218 550 341 597 Successit
352 551 374 597 ei
388 551 438 597 Ser.
450 550 551 605 Tullius,
563 557 632 598 natus
644 547 783 610 exceptive
798 552 871 598 nobili
880 547 1054 610 Corniculanim
1072 553 1110 599 cui

148 627 232 673 puero,
243 613 321 659 adhuc
333 613 356 659 in
364 613 433 660 cunis
444 613 531 672 posito,
540 619 612 672 caput
622 615 706 660 arsisse
715 614 824 660 traditum
832 619 877 661 esi.
894 628 962 660 xum.
975 627 1049 662 xnus.
1061 614 1111 661 Ve-

145 677 226 736 Jentes
238 681 309 734 atque
318 675 432 721 Etruscos
441 675 523 734 proelio
530 674 597 721 ludit.
631 675 737 721 Censum
745 676 834 735 primus
843 676 899 737 egit.
932 675 1045 722 Lustrum
1053 689 1111 722 con·

150 738 217 796 didit,
225 751 273 798 quo
280 738 368 783 civium
377 737 531 797 capitecensa
541 737 663 799 octoginta
670 737 741 785 millia
750 751 804 783 esse
813 739 930 784 dicuutur.
950 737 1046 785 Classes
1054 752 1111 784 cen·

149 801 268 859 turiusque
280 799 411 860 descripsit.
438 812 510 846 ων.
522 798 667 846 Pomoerium
677 799 780 858 protulit.
798 799 879 846 Colles
887 799 946 854 urbi,
955 799 1111 854 Quirinalem,

148 861 302 916 viminalem,
311 861 509 920 Esquilinamque
517 860 611 921 adjecit.
623 875 686 907 ω’.
695 861 822 920 Templum
830 860 915 908 Dianae
923 875 979 907 cum
988 860 1078 908 Latinis
1086 862 1111 908 in

148 924 269 970 Aventino
281 922 346 970 lecit.
387 937 471 970 xuvn.
484 937 584 968 xuvm.
609 922 753 969 Interiectus
773 929 810 969 est
821 937 835 969 a
846 922 874 968 L.
887 923 1024 982 Tarquinio,
1037 924 1111 970 Prisci

150 985 207 1041 filio,
215 986 314 1032 consilio
323 983 378 1032 filies
385 999 434 1032 suae
444 985 536 1038 Tulliae,
544 999 617 1044 quum
627 979 751 1047 regnasset
759 999 834 1031 annos
843 985 995 1045 quadraginta
1005 991 1111 1044 quatuor.

149 1061 221 1094 mx.
233 1049 289 1093 Post
297 1047 362 1093 huuc
371 1047 545 1106 L.Tarquinius
555 1046 685 1106 Superbus,
693 1061 772 1106 neque
781 1047 877 1094 Petrum
887 1061 967 1105 neque
975 1047 1111 1108 populijusa

149 1125 186 1164 su,
197 1124 295 1172 regnum
303 1109 403 1166 invasit3
416 1123 463 1168 quo
473 1110 511 1154 die
519 1109 634 1154 scelerata
641 1109 719 1155 Tullia
725 1123 768 1168 per
776 1109 847 1168 patris
852 1107 956 1169 jacentis
965 1123 1051 1168 corpus
1060 1123 1110 1154 car·

150 1179 248 1230 pentum
261 1171 318 1230 egit.
341 1173 460 1231 ¹Arinates
472 1171 534 1216 circa
543 1185 569 1216 se
579 1171 608 1215 ad
616 1171 749 1216 custodiam
758 1171 862 1230 corporis
870 1171 905 1216 sui
917 1169 1007 1217 babuit.
1035 1185 1059 1216 a.
1073 1185 1110 1216 1.1.

149 1234 255 1280 Turnum
266 1233 416 1278 Herdonium
428 1231 507 1278 fraude
517 1232 644 1278 interemit.
669 1246 731 1278 aur.
743 1233 839 1278 Bellum
850 1246 904 1278 cum
913 1231 1009 1278 Volscis
1020 1233 1111 1292 gessii,

149 1309 193 1342 nv.
211 1297 243 1342 Et
255 1309 286 1341 ex
295 1309 376 1341 eorum
389 1289 469 1354 praedia
481 1295 596 1353 templum
606 1293 661 1340 Jovi
672 1295 696 1340 iu
717 1294 835 1354 Capitolio
852 1292 917 1340 iecit.
950 1293 1076 1340 Terminus
1087 1308 1111 1342 et

148 1358 163 1403 J
166 1364 265 1404 aventes
277 1371 325 1402 non
337 1355 467 1412 addixere,
484 1370 584 1416 quorum
596 1370 640 1401 ara
653 1356 743 1402 moveri
754 1370 802 1402 non
812 1361 948 1415 potuerunt.
987 1370 1045 1402 mv.
1058 1356 1110 1403 Filii

153 1419 221 1466 Sexti
229 1419 349 1479 Tarquinii
359 1419 413 1464 dolo
422 1418 522 1472 Gabios,
532 1418 555 1463 in
565 1423 709 1476 potestatem
718 1433 784 1464 suam
795 1418 885 1479 redigit.
902 1431 959 1464 [Νι.
968 1417 1048 1478 Hujus
1059 1416 1111 1465 filiis

149 1482 258 1540 Delphos
270 1480 391 1540 prosectis,
403 1487 427 1528 et
439 1480 627 1534 consulentibus,
639 1480 692 1538 quis
703 1493 785 1526 eorum
798 1486 936 1540 regnaturus
945 1479 1112 1535 esset'Romae,

150 1545 240 1590 dictum
252 1550 298 1598 est,
309 1557 365 1588 eum
377 1549 537 1604 regnaturum,
549 1543 588 1601 qui
601 1542 688 1600 primus
700 1548 800 1588 matrem
812 1542 933 1587 osculatus
943 1549 1013 1588 esset.
1040 1542 1112 1596 Quod

150 1621 290 1664 responsum
302 1619 375 1664 quum
389 1606 433 1663 ipsi
445 1606 512 1651 aliter
522 1605 737 1663 interpretarentur,
753 1603 840 1650 lunius
852 1603 949 1657 Brutus,
965 1604 1005 1662 qui
1017 1617 1072 1649 cum
1084 1605 1112 1650 iis

150 1668 270 1728 proiectus
282 1674 340 1721 erat,
351 1667 485 1727 prolapsum
497 1681 524 1712 se
543 1665 671 1720 simulavit,
691 1670 716 1712 et
736 1671 819 1712 terram
838 1665 960 1711 osculatus
971 1672 1022 1712 est:
1040 1667 1112 1724 idque

150 1729 239 1776 lactum
251 1731 303 1791 ejus
315 1735 416 1776 eventus
428 1730 460 1775 rei
472 1728 643 1788 comprobavit.
666 1728 730 1774 Nam
741 1742 824 1787 quum,
835 1727 979 1786 impotenter
990 1742 1016 1772 se
1028 1742 1111 1788 geren·

137 1793 191 1848 do,
201 1792 342 1851 Tarquinius
355 1791 475 1850 Superbus
494 1805 577 1836 omues
596 1790 621 1835 in
633 1790 714 1836 odium
725 1791 762 1836 sui
773 1789 911 1836 adduxisset
921 1804 927 1846 3
953 1791 982 1834 ad
994 1790 1113 1843 ultimum,

150 1861 244 1914 propter
256 1859 417 1914 expugnatam
435 1847 552 1899 noctumb
572 1853 595 1899 vl
607 1866 620 1897 a
634 1851 708 1898 Sexto
721 1850 770 1897 filio
782 1851 834 1912 ejus
843 1851 962 1897 Lucretiae
975 1852 1112 1910 pudicitiam

153 1918 225 1978 (quae,
237 1921 327 1962 vocate
336 1922 400 1974 patre
412 1917 440 1961 ad
451 1929 477 1961 se
487 1914 626 1974 Tricipitino
636 1921 661 1961 et
669 1915 717 1960 viro
728 1913 855 1966 Collatino,
865 1913 989 1968 obtestata,
999 1927 1030 1957 ne
1039 1913 1113 1959 inulta

151 1994 213 2026 rnors
226 1979 278 2040 ejus
291 1983 364 2032 esset,
376 1979 451 2025 cultro
463 1991 490 2024 se
501 1977 645 2036 interemit),
677 1990 731 2022 mx.
750 1975 816 2022 Bruti
828 1969 901 2034 operia
913 1970 1016 2020 maxime
1029 1976 1112 2030 exirui-

151 2048 244 2096 suscst,
257 2039 329 2100 quum
342 2034 466 2102 regnasset
477 2053 552 2085 annos
564 2039 647 2100 viginti
660 2039 772 2098 quiaque.
806 2051 849 2084 ux.
866 2037 935 2083 Tunc
948 2037 1059 2082 consules
1069 2038 1113 2095 pri-

151 2101 219 2150 mum
232 2103 303 2149 creati
312 2112 368 2150 sunt
379 2103 407 2148 L.
419 2101 506 2148 Junius
526 2101 612 2148 Brutus
631 2107 656 2148 et
668 2101 696 2148 L.
708 2100 850 2161 Tarquinius
862 2099 1003 2146 Collatinus.
1038 2098 1076 2158 [a.
1090 2112 1113 2147 c.

95 2201 98 2210 .
153 2168 259 2212 1-245
300 2165 536 2224 acuet-wa]
