2630 4228
164 373 221 430 164
364 375 494 412 ιιιιοιιιιι
510 373 662 410 amaccura
679 369 906 408 esesansreners.

163 513 257 554 masna,
265 504 332 544 funale
341 503 475 554 praeferretur.
502 502 526 540 L.
536 501 643 540 Cornelius
652 500 721 540 consul
736 499 755 538 in
765 499 859 538 Sardinia
867 503 889 536 et
901 495 985 552 Corsica
998 500 1069 537 eerrtra
1077 492 1125 550 βαι·

164 557 208 604 des,
217 562 238 594 et
250 553 330 602 Corsos,
344 561 365 591 ct
373 551 492 590 Hannonem
503 551 604 588 Ptenorum
613 551 693 597 dmum,
703 548 790 586 feliciter
799 547 903 596 pugnavit.
931 545 1007 600 ritrlrus
1017 544 1124 598 Calatinus

164 605 241 652 consul,
250 615 310 657 quum
320 603 340 640 iu
351 603 416 640 locunt
430 601 528 648 iniquum,
540 612 553 636 ιι
562 599 625 636 furnis
640 599 799 644 circumsessum,
813 597 889 636 temere
905 594 1124 649 duxissetucxercrtum,

165 653 194 692 M.
203 651 309 700 Calpurnii
319 651 393 688 tribuni
403 650 490 686 militum
499 648 574 686 virtute
591 649 686 695 crepera
700 646 779 693 erasit3
801 645 842 694 qui,
856 655 902 682 curn
918 648 1013 694 trecentis
1027 641 1125 696 militibus

164 701 268 749 eruptione
278 700 340 755 facta,
348 700 417 737 ltustes
427 698 446 735 in
456 710 477 734 so
487 703 621 734 converterat.
640 695 758 742 'ilannibal,
767 697 813 748 dut¹
824 693 934 738 l’oenerum,
943 693 997 728 victa
1005 690 1084 742 elstase,¹
1092 697 1126 744 eur

164 747 280 798 presseras,
292 759 304 785 ι
314 747 412 785 militibus
426 747 469 783 suis
485 745 503 783 in
513 757 593 782 crucem
607 744 698 782 sublatus
714 751 752 780 est.
780 741 856 780 atrum
869 741 958 788 Regulus
973 737 1051 786 consul,
1066 743 1126 774 vrctss

166 797 235 836 navali
244 797 313 846 prreliu
322 795 394 844 Ptenis,
403 795 424 833 in
434 795 523 834 Aliicam
533 793 620 842 trajecit.
649 793 680 843 [u.
689 803 710 829 c.
718 791 834 828 tu2—495.
861 803 882 827 s.
890 801 910 825 c.
919 785 1044 836 aec-257]

459 927 557 959 ιιιτοιιιι
572 927 633 957 tram
649 928 730 957 osessrr
746 927 833 956 cerari.
857 913 858 916 ’

194 1007 290 1044 Artatus
300 1003 387 1053 Regulus
397 1003 417 1040 in
427 1003 497 1040 Afric-‘a
506 1009 618 1050 serpentem
625 1007 744 1050 portentum
752 999 953 1050 magnitudinis,oum
962 998 1033 1046 magud
1041 996 1129 1034 militnm

169 1054 233 1102 clade,
243 1053 332 1100 occidit,
344 1059 372 1099 et,
381 1065 442 1101 quurn
452 1052 527 1099 aliquot
537 1051 610 1098 preliis
621 1051 669 1087 berre
676 1052 772 1088 adversus
778 1048 955 1096 Carthaginienses
962 1048 1077 1102 pugnasset,
1084 1057 1129 1082 suc-

167 1113 272 1150 cessorque
281 1103 301 1140 ei
310 1115 322 1137 ιι
331 1108 402 1138 serrutu
411 1111 503 1148 prospers
514 1099 587 1136 bellum
602 1099 677 1147 gerenti
699 1111 736 1136 non
747 1098 867 1144 mitteretur,
883 1097 901 1134 id
912 1097 976 1144 ipsum
984 1107 1017 1150 per
1026 1095 1094 1132 liturus
1104 1095 1129 1152 ad

166 1159 257 1189 senatum
268 1150 338 1187 missas
351 1155 486 1197 ‹questuscst3
508 1148 616 1196 inquibus,
632 1147 684 1184 inter
699 1159 770 1185 causas
786 1147 866 1192 petendi
882 1155 1002 1184 successuris
1016 1151 1068 1190 erat,
1078 1143 1129 1198 quud

168 1199 246 1248 agelius
254 1199 298 1247 ejus
307 1209 320 1234 a
328 1197 457 1234 mercenariis
467 1201 558 1234 desertus
568 1204 629 1233 essct.
644 1198 750 1235 truserentu
758 1195 830 1232 deiide
841 1194 937 1240 l'orrnna,
948 1199 970 1229 ut
978 1203 1071 1228 maenum
1081 1199 1130 1228 utri-

157 1255 159 1260 '
168 1259 231 1296 usque
240 1247 300 1286 emus
309 1246 422 1293 exenrplurn
431 1245 449 1282 in
460 1245 539 1292 Regulo
549 1245 671 1291 proderetur,
681 1245 775 1280 incessite
785 1241 1003 1290 allartlraginicnsibus
1012 1223 1130 1287 iduntlrippo

169 1295 368 1334 Lacecaemonrornn
381 1295 439 1341 duce,
449 1294 514 1330 rictus
527 1293 596 1339 prelio
605 1299 626 1330 et
639 1302 710 1340 captus
725 1298 762 1328 est.
789 1291 831 1328 lies
840 1289 910 1327 deinde
921 1290 1024 1326 edacibus
1035 1289 1129 1325 llnmunis

168 1343 260 1381 omnibus
269 1345 324 1380 terri
333 1342 420 1391 inariqne
430 1343 521 1389 prospere
537 1351 605 1389 gestus
620 1341 782 1377 deformaverunt
798 1339 901 1386 transt-agia
913 1338 1014 1375 classium.
1030 1337 1075 1382 fri.
1092 1339 1130 1373 Cu-

169 1392 277 1430 ruucauius
294 1391 369 1438 primus
384 1402 409 1427 cx
424 1389 479 1438 plebe
495 1389 583 1436 pontiti-x
593 1389 693 1428 maximus
707 1397 787 1426 creatus
801 1395 840 1425 cst.
867 1387 889 1424 P.
899 1387 1028 1436 Sempronius
1042 1385 1129 1433 b'u'plrus,

171 1439 252 1478 Manius
266 1439 359 1476 Valerius
370 1439 479 1484 Maximus,
488 1449 588 1484 censores,
598 1449 658 1484 qurrnr
668 1443 760 1474 serratum
771 1438 867 1484 legerent,
877 1435 973 1472 tredecim
984 1441 1055 1471 senatu
1064 1445 1130 1470 nrove-

169 1495 229 1526 rant:
244 1488 327 1525 lustrum
337 1487 477 1533 eonrliderunt,
486 1497 525 1534 qun
534 1497 594 1523 carisa
603 1493 650 1522 sunt
664 1485 739 1532 civium
753 1485 822 1532 capita
836 1485 921 1522 ducenta
936 1483 1047 1540 nonaginta
1054 1489 1130 1530 septem

170 1537 242 1584 millia,
251 1535 380 1584 septingenta
389 1535 497 1582 nonaginta
507 1541 590 1582 septem.
616 1534 708 1582 Regulus
717 1534 789 1571 missus
803 1546 815 1570 ι
828 1532 1027 1586 Carthaginiensibus
1042 1533 1065 1568 ad
1075 1543 1131 1568 serra-

170 1589 221 1640 tum,
232 1591 254 1621 ut
262 1585 286 1620 do
296 1595 352 1630 pace,
363 1590 391 1629 et,
400 1583 416 1620 si
427 1595 471 1620 earn
482 1594 519 1620 non
531 1588 598 1630 posset
608 1582 724 1630 impetrare,
740 1583 764 1620 de
773 1581 859 1629 captivis
868 1581 1013 1618 commutandis
1023 1587 1100 1628 ageret,
1110 1586 1131 1617 ct

168 1633 299 1682 jurejurando
308 1631 425 1678 adstrictus,
434 1631 542 1668 rediturum
552 1643 572 1668 se
582 1631 733 1679 Carthaginem,
742 1630 760 1667 si
768 1629 886 1668 commutari
895 1629 986 1676 captivus
996 1640 1034 1666 nen
1044 1628 1132 1676 placuis-

170 1687 217 1729 set,
231 1687 336 1728 utrumque
344 1679 431 1728 negandi
440 1685 509 1716 auctor
523 1679 602 1716 senatui
618 1679 657 1716 fuit
665 1692 671 1726 5
691 1686 720 1726 et,
730 1691 792 1727 quum
807 1679 844 1720 fidu
859 1677 961 1715 custoditi
975 1683 1131 1724 reversusesset,

170 1728 269 1776 supplicia
278 1727 498 1776 acarthuginiensibus
507 1728 531 1766 de
541 1739 566 1765 eo
573 1734 661 1774 sumpto,
668 1727 734 1775 periit.
750 1727 781 1778 [u.
791 1739 809 1764 ι.
819 1726 933 1764 ltu-502.
948 1739 969 1763 ι.
979 1737 998 1764 c.
1005 1727 1071 1764 a56‘-
1076 1725 1130 1776 aba]

403 1875 407 1882 ’
468 1865 566 1893 astantia
581 1865 644 1892 tratti
662 1865 837 1894 ῦΝΜῊΓ-ΕΙΙΜΙ,

196 1938 310 1977 Caesares
327 1937 430 1986 Metellus,
446 1943 504 1976 rebus
519 1939 612 1975 adversus
627 1937 695 1975 Penus
704 1937 795 1986 prospere
809 1936 877 1984 gestis,
890 1937 1001 1984 speciosum
1010 1936 1050 1985 egit
1064 1935 1134 1974 trium-

171 1989 240 2074 phum,
255 1987 351 2025 tredecim
360 1987 443 2024 ducibus
456 1987 543 2024 hostiurn
553 1993 573 2024 et
587 1993 667 2024 centum
682 1987 753 2032 viginti
762 1987 875 2032 elephantis
886 1986 904 2022 in
913 1985 1025 2022 eurluctis.'
1036 1985 1133 2023 Claudius

189 2037 258 2074 ulelrer
267 2037 344 2084 corisul,
352 2043 423 2073 contra
432 2035 522 2082 auspicia
532 2035 642 2082 profectus,
656 2033 717 2082 jussis
727 2033 789 2082 mergi
798 2034 866 2081 pullis,
875 2034 910 2082 qui
920 2033 982 2071 cibari
992 2033 1094 2082 nolebant,
1104 2035 1134 2072 in·
1145 2061 1151 2073 .

173 2085 259 2123 feliciter
269 2085 364 2124 adversus
376 2083 551 2132 Carthaginienses
561 2084 625 2120 classe
636 2089 746 2131 pugnavit,
758 2091 787 2130 et,
797 2091 904 2120 revocatus
917 2089 1017 2130 ascrratu,
1024 2083 1132 2130 jussusque

172 2133 290 2172 dictatorem
300 2133 375 2180 dicere,
385 2133 492 2170 Claudium
502 2132 589 2168 Gliciam
598 2131 658 2178 dixit,
667 2132 726 2168 sortis
735 2131 810 2169 ultirnae
819 2133 934 2170 bominem:
956 2131 998 2180 qni,
1007 2138 1090 2168 coactus
1099 2131 1134 2168 ab·

172 2181 239 2220 dicare
249 2193 270 2219 se
280 2181 406 2229 magistratu,
417 2188 488 2228 postea
503 2181 558 2218 ludus
573 2186 703 2228 praterbitas
712 2182 819 2227 spectavit.
847 2179 923 2218 atilius
938 2180 1044 2218 Calatinus
1059 2179 1133 2226 primus

172 2231 260 2268 dictatur
269 2236 327 2266 extra
343 2229 423 2266 ltaliam
438 2229 549 2266 exercitum
562 2229 627 2265 duxit.
652 2229 702 2266 Cum
720 2229 782 2266 Poenis
796 2229 922 2276 captivorum
935 2228 1067 2266 commutatiu
1079 2227 1134 2269 fucta

173 2283 211 2316 est.
237 2277 326 2314 Coloniae
332 2279 423 2315 deducire
432 2287 479 2314 sunt
489 2277 587 2324 Fregenis,
598 2277 617 2313 in
627 2288 673 2324 agre
683 2277 797 2314 sallentino
808 2277 942 2315 Brundisium.
964 2277 1077 2314 Lustrurna
1087 2289 1133 2320 cen·

174 2327 252 2364 auribus
262 2325 365 2363 conditum
376 2332 420 2362 ost:
439 2337 499 2362 censa
509 2331 555 2362 sunt
570 2325 644 2362 civium
654 2325 722 2371 capita
731 2326 818 2363 rlucerrta
831 2325 975 2374 quinquaginta
986 2337 1046 2363 unum
1061 2325 1132 2373 millia,

173 2375 259 2412 ducente
270 2373 340 2421 viginti
350 2375 395 2410 rluu.
424 2372 518 2420 Claudia,
528 2385 582 2410 soror
591 2373 612 2410 P.
621 2373 710 2420 Claudii,
720 2373 761 2422 qni,
776 2375 895 2426 contemptis
909 2373 1013 2422 auspiciis,
1023 2375 1075 2412 male
1084 2385 1134 2422 pug-

174 2428 265 2469 naverat,
275 2433 287 2458 ιι
298 2421 349 2458 ludis
359 2427 466 2468 ronrtuns,
477 2433 538 2468 quum
547 2421 605 2458 turba
614 2429 743 2469 premeretur,
752 2423 815 2460 dixit:
829 2425 843 2445 “
853 2423 935 2460 Utinam
943 2423 1004 2460 liater
1013 2435 1068 2460 meus
1082 2423 1135 2460 vire·

175 2477 214 2518 ret,
223 2472 236 2492 ‘¹
245 2469 358 2518 iterumque
365 2469 450 2506 classem
459 2471 542 2506 duceret
550 2469 555 2506 l
564 2471 579 2492 ’'
605 2470 635 2506 Ob
644 2482 689 2507 earn
699 2483 781 2508 causum
791 2471 854 2517 multu
872 2471 892 2508 ei
905 2471 959 2508 dicta
967 2477 1005 2508 est.
1032 2472 1077 2509 Duo
1087 2483 1135 2518 prte-

174 2525 228 2556 tores
237 2523 279 2556 turn
289 2517 375 2565 primum
384 2517 447 2554 creati
456 2523 510 2555 sunt.
537 2517 632 2555 cecilius
642 2518 743 2567 Metellus,
752 2519 841 2567 pontifex
851 2520 959 2566 maximus,
973 2522 997 2556 Α.
1009 2519 1134 2558 Postumium

174 2566 285 2614 consulem,
295 2567 389 2615 quoniam
398 2566 451 2604 idern
459 2575 482 2612 et
491 2567 565 2604 ticinen
576 2567 676 2604 Martialis
685 2573 736 2616 erat,
746 2579 806 2616 quum
816 2568 833 2605 is
841 2568 866 2605 ud
876 2567 949 2606 bellum
958 2569 1066 2617 gerendum
1076 2569 1135 2616 proli-

174 2614 222 2652 cisci
232 2615 300 2663 vellet,
310 2615 329 2652 in
339 2613 393 2652 Urbe
403 2612 468 2652 tenuit
492 2626 527 2652 nec
543 2627 613 2662 passus
622 2622 652 2653 est
661 2628 673 2652 ιι
682 2615 744 2654 sacris
754 2618 853 2654 recedere.
880 2617 948 2654 Rebus
958 2618 1052 2654 adversus
1066 2617 1134 2655 Penus

175 2675 187 2700 a
210 2663 285 2702 laribus
295 2664 378 2701 ducibus
388 2642 480 2711 prosperi
494 2663 563 2712 gestis,
577 2673 675 2701 summanr
692 2664 781 2702 victoria
797 2666 821 2702 C.
839 2665 933 2702 Lutatius
948 2666 1025 2714 consul,
1041 2665 1095 2704 ricta
1110 2666 1134 2703 nd

202 2718 259 2761 gates
269 2712 344 2750 insulas
354 2713 417 2749 classe
429 2711 538 2760 Poenorum,
548 2713 650 2759 irnposnit.
665 2712 778 2751 Potentibus
787 2713 986 2762 Carthaginiensibus
993 2726 1032 2761 prex
1041 2715 1089 2751 duta
1096 2719 1134 2752 est.

175 2760 245 2800 Quum
254 2761 350 2808 templum
361 2761 428 2798 Vesta
438 2762 524 2807 arderet,
539 2761 633 2798 Caruilius
651 2760 755 2808 Metellus,
773 2762 863 2810 pontifex
879 2763 986 2810 maximus,
1000 2773 1026 2799 ex
1042 2762 1135 2800 incendio

175 2821 232 2846 saera
242 2809 315 2856 rapuit.
329 2809 379 2848 Dure
388 2809 450 2846 tribus
460 2809 543 2858 adjectae
552 2815 606 2857 sunt,
617 2809 691 2848 Velina
701 2817 722 2848 et
731 2810 825 2849 Quirina.
846 2810 921 2848 Falisci
931 2823 990 2860 qutun
999 2811 1135 2859 rebellassent,

175 2864 234 2896 sextu
243 2857 274 2895 die
284 2857 398 2906 perdomiti,
408 2857 428 2894 in
437 2858 558 2896 deditionem
565 2866 672 2895 uenerunt.
700 2859 731 2908 [u.
741 2870 759 2896 c.
769 2859 885 2897 soe-511.
912 2873 933 2897 ι.
943 2871 961 2897 c.
970 2857 1097 2910 dili-Mb]

502 2995 601 3022 ΙΡΙΊὉΜΙ
616 2996 677 3023 arnul
694 2997 805 3025 victum-

200 3069 330 3108 Sreaerrurr
340 3069 420 3108 colonia
428 3069 513 3107 deducta
521 3074 559 3106 est.
574 3068 675 3106 Adversus
686 3069 767 3118 Ligures
776 3077 825 3108 tunc
834 3070 919 3118 primun
927 3071 1027 3109 exercitus
1034 3074 1136 3117 promotus

177 3124 215 3156 est.
242 3118 301 3155 Sardi
309 3124 330 3156 et
338 3118 403 3166 Corsi,
410 3129 470 3167 quum
481 3117 619 3164 rebellassent,
629 3118 708 3156 subacti
717 3125 771 3156 sunt.
798 3118 883 3166 'l'ueciu,
892 3119 949 3168 virgo
959 3117 1056 3166 Vestalis,
1065 3117 1136 3156 incesti

176 3165 271 3204 masnata
280 3173 319 3203 est.
345 3167 424 3204 Bellum
433 3166 516 3214 Illyriis,
527 3174 606 3214 propter
616 3178 675 3204 urium
685 3178 710 3204 ex
726 3167 805 3216 legaris,
819 3167 853 3215 qui
868 3167 893 3206 ed
902 3179 937 3204 ees
946 3167 1001 3205 missi
1010 3174 1077 3214 erent,
1085 3167 1137 3206 oeci-

176 3225 229 3261 sum,
239 3214 335 3251 indictum
342 3221 386 3258 est:
399 3215 517 3263 subactique
525 3215 544 3252 in
553 3214 675 3252 deditionem
684 3223 787 3253 venerunt.
815 3215 921 3253 l‘naterurn
930 3227 1022 3254 numerus
1029 3215 1136 3263 ampliatus

176 3268 215 3308 est,
225 3267 247 3300 ut
256 3269 321 3300 esseut
331 3268 424 3310 quatuor.
449 3263 504 3300 Galli
513 3263 651 3311 Transalpini,
664 3263 727 3312 quiin
740 3264 820 3302 ltaliam
835 3265 955 3312 irruperant,
971 3263 1016 3302 cresi
1025 3271 1079 3302 sunt.
1106 3263 1137 3302 Eo

178 3310 231 3348 bello
240 3310 325 3358 populus
340 3311 441 3348 Rurrranus
455 3311 487 3348 sui
502 3312 609 3360 Latinique
625 3313 710 3350 nominis
724 3319 816 3350 trecenta
830 3313 894 3350 millia
909 3319 1033 3350 armatorum
1042 3312 1137 3350 habuisse

177 3358 258 3396 dieitur.
286 3359 413 3396 Exercitibus
423 3359 519 3398 Rornnnis
532 3368 575 3398 tum
591 3361 676 3407 primdm
686 3368 741 3398 trans
750 3361 825 3399 Padurn
838 3361 911 3408 ductis,
924 3361 978 3399 Galli
993 3361 1090 3409 insubres,
1100 3361 1138 3400 ali-

178 3412 227 3454 quot
236 3406 307 3454 proeliis
317 3407 364 3453 fusi,
377 3408 397 3446 in
407 3407 529 3446 deditionem
538 3416 640 3446 venerunt.
668 3409 694 3446 nt.
705 3410 802 3448 Claudius
813 3409 921 3456 Marcellus
935 3409 1012 3458 censui,
1027 3409 1095 3450 occiso
1104 3409 1138 3446 in-

178 3455 268 3492 aubrium
276 3455 380 3493 Gallorum
398 3457 448 3492 duce
468 3455 590 3504 Virdomaro,
608 3458 833 3506 opimaspolisretulit.
860 3457 907 3496 istri
916 3458 995 3497 subacti
1003 3465 1057 3496 sunt.
1083 3459 1137 3496 Item

177 3503 251 3551 lllyrii,
260 3515 321 3552 quum
331 3504 466 3552 rebelldssent,
474 3505 545 3542 derniti
553 3505 572 3542 in
582 3506 702 3544 deditionem
712 3514 813 3544 venerunt.
828 3506 1139 3547 Lustrumaeensoribuscondi·

178 3557 222 3590 tum
230 3558 269 3599 est,
278 3563 317 3601 quo
326 3565 386 3591 censa
395 3559 442 3590 sunt
450 3553 525 3590 civium
538 3555 606 3602 capita
615 3555 701 3593 ducenta
714 3555 844 3604 septuaginta
853 3555 925 3605 millia,
935 3557 1022 3594 ducenta
1031 3555 1137 3594 tredecim.

178 3599 279 3638 Libertini
288 3601 307 3638 in
331 3608 402 3640 uatuor
411 3602 474 3640 tribus
483 3601 559 3639 redacti
568 3610 622 3650 sunt,
632 3615 693 3652 qunrn
700 3612 759 3642 aurea
768 3603 850 3651 dispersi
859 3615 895 3652 per
905 3617 973 3642 omnes
982 3605 1081 3644 fuissent·
1101 3604 1138 3642 as-

179 3649 283 3706 quilinum,
293 3615 415 3698 Paiatinam,
424 3651 568 3698 Suburranmn,
584 3651 691 3690 Collinam.
718 3653 743 3690 O.
752 3652 865 3695 Flaminius
874 3665 945 3692 censer
953 3655 1007 3692 viam
1017 3631 1137 3692 Flaminiam

179 3699 273 3746 mumrit,
281 3703 301 3736 et
309 3699 390 3737 Circum
401 3699 521 3736 flaminium
530 3700 637 3738 exstruxit.
664 3701 753 3738 Colonia
761 3701 850 3738 deductas
863 3701 883 3738 in
899 3715 947 3751 agro
961 3703 986 3742 de
994 3701 1060 3742 Gallu
1068 3711 1130 3750 capto

180 3744 283 3786 Placentia
291 3753 311 3786 et
319 3747 424 3786 Cremona.
453 3747 484 3798 [u.
495 3759 516 3785 c.
526 3747 639 3786 sie-533.
666 3763 687 3786 s.
697 3761 715 3788 c.
722 3749 788 3787 24⁰-
795 3749 848 3800 Ωιι]
