<?xml version="1.0" encoding="UTF-8"?>
<!DOCTYPE html PUBLIC "-//W3C//DTD XHTML 1.0 Transitional//EN"
    "http://www.w3.org/TR/xhtml1/DTD/xhtml1-transitional.dtd">
<html xmlns="http://www.w3.org/1999/xhtml" xml:lang="en" lang="en">
 <head>
  <title>
</title>
<meta http-equiv="Content-Type" content="text/html;charset=utf-8" />
  <meta name='ocr-system' content='tesseract 3.04.00' />
  <meta name='ocr-capabilities' content='ocr_page ocr_carea ocr_par ocr_line ocrx_word'/>
</head>
<body>
  <div class='ocr_page' id='page_1' title='image "./historiarumetse01livygoog_0074.png"; bbox 0 0 2632 4224; ppageno 0'>
   <div class='ocr_carea' id='block_1_1' title="bbox 530 333 1200 396">
    <p class='ocr_par' dir='ltr' id='par_1_1' title="bbox 530 333 1200 396">
     <span class='ocr_line' id='line_1_1' title="bbox 530 333 1200 396; baseline 0.007 -12"><span class='ocrx_word' id='word_1_1' title='bbox 530 335 635 384; x_wconf 85' lang='lat' dir='ltr'>LIBER</span> <span class='ocrx_word' id='word_1_2' title='bbox 651 336 684 384; x_wconf 88' lang='lat'>11.</span> <span class='ocrx_word' id='word_1_3' title='bbox 706 347 768 384; x_wconf 76' lang='lat' dir='ltr'>ess.</span> <span class='ocrx_word' id='word_1_4' title='bbox 780 348 804 381; x_wconf 82' lang='lat' dir='ltr'>v.</span> <span class='ocrx_word' id='word_1_5' title='bbox 1124 333 1160 396; x_wconf 79' lang='grc'>61</span> <span class='ocrx_word' id='word_1_6' title='bbox 1194 339 1200 344; x_wconf 87' lang='grc'><em>”</em></span> 
     </span>
    </p>
   </div>
   <div class='ocr_carea' id='block_1_2' title="bbox 146 449 1165 1566">
    <p class='ocr_par' dir='ltr' id='par_1_2' title="bbox 178 449 1162 557">
     <span class='ocr_line' id='line_1_2' title="bbox 178 449 1162 557; baseline -0.003 -25"><span class='ocrx_word' id='word_1_7' title='bbox 178 497 185 532; x_wconf 82' lang='lat' dir='ltr'>r</span> <span class='ocrx_word' id='word_1_8' title='bbox 198 477 378 557; x_wconf 84' lang='lat' dir='ltr'>pignustidei</span> <span class='ocrx_word' id='word_1_9' title='bbox 387 487 492 544; x_wconf 80' lang='lat' dir='ltr'><strong>essent,</strong></span> <span class='ocrx_word' id='word_1_10' title='bbox 502 475 684 534; x_wconf 77' lang='lat' dir='ltr'>manifestum</span> <span class='ocrx_word' id='word_1_11' title='bbox 697 475 809 532; x_wconf 84' lang='lat' dir='ltr'>facinus</span> <span class='ocrx_word' id='word_1_12' title='bbox 818 449 945 530; x_wconf 68' lang='lat' dir='ltr'>lederent</span> <span class='ocrx_word' id='word_1_13' title='bbox 959 491 966 527; x_wconf 78' lang='grc' dir='ltr'>ι</span> <span class='ocrx_word' id='word_1_14' title='bbox 987 489 1054 528; x_wconf 87' lang='lat' dir='ltr'>nam</span> <span class='ocrx_word' id='word_1_15' title='bbox 1065 489 1162 546; x_wconf 81' lang='lat' dir='ltr'>quum,</span> 
     </span>
    </p>

    <p class='ocr_par' dir='ltr' id='par_1_3' title="bbox 166 551 1164 634">
     <span class='ocr_line' id='line_1_3' title="bbox 166 551 1164 634; baseline -0.004 -22"><span class='ocrx_word' id='word_1_16' title='bbox 166 571 176 612; x_wconf 86' lang='grc'>·.’</span> <span class='ocrx_word' id='word_1_17' title='bbox 198 558 290 634; x_wconf 81' lang='lat' dir='ltr'>pridie</span> <span class='ocrx_word' id='word_1_18' title='bbox 304 557 388 632; x_wconf 72' lang='lat' dir='ltr'>quam</span> <span class='ocrx_word' id='word_1_19' title='bbox 405 555 488 632; x_wconf 88' lang='lat' dir='ltr'>legati</span> <span class='ocrx_word' id='word_1_20' title='bbox 503 556 538 612; x_wconf 87' lang='lat' dir='ltr'>ad</span> <span class='ocrx_word' id='word_1_21' title='bbox 554 553 729 629; x_wconf 84' lang='lat' dir='ltr'>Tarquinios</span> <span class='ocrx_word' id='word_1_22' title='bbox 753 551 1008 628; x_wconf 85' lang='lat' dir='ltr'>proficiscerentur,</span> <span class='ocrx_word' id='word_1_23' title='bbox 1023 561 1052 606; x_wconf 91' lang='lat' dir='ltr'>et</span> <span class='ocrx_word' id='word_1_24' title='bbox 1066 569 1164 608; x_wconf 59' lang='lat' dir='ltr'>coena</span> 
     </span>
    </p>

    <p class='ocr_par' dir='ltr' id='par_1_4' title="bbox 198 628 1163 709">
     <span class='ocr_line' id='line_1_4' title="bbox 198 628 1163 709; baseline -0.006 -17"><span class='ocrx_word' id='word_1_25' title='bbox 198 647 260 692; x_wconf 88' lang='lat' dir='ltr'>turn</span> <span class='ocrx_word' id='word_1_26' title='bbox 275 636 346 692; x_wconf 79' lang='lat' dir='ltr'>forte</span> <span class='ocrx_word' id='word_1_27' title='bbox 360 634 435 709; x_wconf 87' lang='lat' dir='ltr'>apud</span> <span class='ocrx_word' id='word_1_28' title='bbox 450 633 581 690; x_wconf 84' lang='lat' dir='ltr'>Vitellios</span> <span class='ocrx_word' id='word_1_29' title='bbox 594 643 679 702; x_wconf 85' lang='lat' dir='ltr'>esset,</span> <span class='ocrx_word' id='word_1_30' title='bbox 701 630 896 706; x_wconf 88' lang='lat' dir='ltr'>conjuratique</span> <span class='ocrx_word' id='word_1_31' title='bbox 919 628 966 697; x_wconf 90' lang='lat' dir='ltr'>ibi,</span> <span class='ocrx_word' id='word_1_32' title='bbox 991 628 1106 686; x_wconf 88' lang='lat' dir='ltr'>remotis</span> <span class='ocrx_word' id='word_1_33' title='bbox 1119 647 1163 686; x_wconf 88' lang='lat' dir='ltr'>ar·</span> 
     </span>
    </p>

    <p class='ocr_par' dir='ltr' id='par_1_5' title="bbox 178 706 1163 786">
     <span class='ocr_line' id='line_1_5' title="bbox 178 706 1163 786; baseline -0.006 -16"><span class='ocrx_word' id='word_1_34' title='bbox 178 749 181 757; x_wconf 89' lang='lat'>·</span> <span class='ocrx_word' id='word_1_35' title='bbox 198 713 289 782; x_wconf 80' lang='lat' dir='ltr'>birris,</span> <span class='ocrx_word' id='word_1_36' title='bbox 304 713 393 770; x_wconf 86' lang='lat' dir='ltr'>multa</span> <span class='ocrx_word' id='word_1_37' title='bbox 406 711 481 768; x_wconf 89' lang='lat' dir='ltr'>inter</span> <span class='ocrx_word' id='word_1_38' title='bbox 495 730 526 767; x_wconf 90' lang='lat' dir='ltr'>se</span> <span class='ocrx_word' id='word_1_39' title='bbox 540 711 576 766; x_wconf 91' lang='lat' dir='ltr'>de</span> <span class='ocrx_word' id='word_1_40' title='bbox 590 729 663 766; x_wconf 85' lang='lat' dir='ltr'>novo</span> <span class='ocrx_word' id='word_1_41' title='bbox 678 708 724 784; x_wconf 83' lang='lat' dir='ltr'>(ut</span> <span class='ocrx_word' id='word_1_42' title='bbox 737 709 781 786; x_wconf 89' lang='lat' dir='ltr'>fit)</span> <span class='ocrx_word' id='word_1_43' title='bbox 796 707 917 764; x_wconf 86' lang='lat' dir='ltr'>consilio</span> <span class='ocrx_word' id='word_1_44' title='bbox 929 706 1074 780; x_wconf 85' lang='lat' dir='ltr'>egissent;</span> <span class='ocrx_word' id='word_1_45' title='bbox 1105 725 1163 764; x_wconf 89' lang='lat' dir='ltr'>ser-</span> 
     </span>
    </p>

    <p class='ocr_par' dir='ltr' id='par_1_6' title="bbox 176 784 1163 861">
     <span class='ocr_line' id='line_1_6' title="bbox 176 784 1163 861; baseline -0.004 -15"><span class='ocrx_word' id='word_1_46' title='bbox 176 807 312 848; x_wconf 81' lang='lat' dir='ltr'>smonem</span> <span class='ocrx_word' id='word_1_47' title='bbox 328 807 426 847; x_wconf 89' lang='lat' dir='ltr'>eorum</span> <span class='ocrx_word' id='word_1_48' title='bbox 439 807 475 846; x_wconf 83' lang='lat' dir='ltr'>ex</span> <span class='ocrx_word' id='word_1_49' title='bbox 490 788 577 846; x_wconf 84' lang='lat' dir='ltr'>servis</span> <span class='ocrx_word' id='word_1_50' title='bbox 591 807 665 844; x_wconf 89' lang='lat' dir='ltr'>unus</span> <span class='ocrx_word' id='word_1_51' title='bbox 678 787 800 861; x_wconf 84' lang='lat' dir='ltr'>excepit,</span> <span class='ocrx_word' id='word_1_52' title='bbox 824 785 873 860; x_wconf 92' lang='lat' dir='ltr'>qui</span> <span class='ocrx_word' id='word_1_53' title='bbox 884 785 943 861; x_wconf 88' lang='lat' dir='ltr'>jam</span> <span class='ocrx_word' id='word_1_54' title='bbox 958 795 1042 840; x_wconf 87' lang='lat' dir='ltr'>antea</span> <span class='ocrx_word' id='word_1_55' title='bbox 1057 784 1163 842; x_wconf 88' lang='lat' dir='ltr'>id·sen·</span> 
     </span>
    </p>

    <p class='ocr_par' dir='ltr' id='par_1_7' title="bbox 171 862 1163 944">
     <span class='ocr_line' id='line_1_7' title="bbox 171 862 1163 944; baseline -0.008 -18"><span class='ocrx_word' id='word_1_56' title='bbox 171 898 175 906; x_wconf 64' lang='lat'><strong><em>¹</em></strong></span> <span class='ocrx_word' id='word_1_57' title='bbox 198 881 273 926; x_wconf 88' lang='lat' dir='ltr'>serat</span> <span class='ocrx_word' id='word_1_58' title='bbox 287 869 350 944; x_wconf 88' lang='lat' dir='ltr'>agi:</span> <span class='ocrx_word' id='word_1_59' title='bbox 382 868 510 928; x_wconf 86' lang='lat' dir='ltr'>sedeam</span> <span class='ocrx_word' id='word_1_60' title='bbox 524 866 715 934; x_wconf 84' lang='lat' dir='ltr'>occasionem,</span> <span class='ocrx_word' id='word_1_61' title='bbox 741 876 771 921; x_wconf 92' lang='lat' dir='ltr'>ut</span> <span class='ocrx_word' id='word_1_62' title='bbox 794 864 883 920; x_wconf 82' lang='lat' dir='ltr'>literae</span> <span class='ocrx_word' id='word_1_63' title='bbox 901 862 1004 938; x_wconf 88' lang='lat' dir='ltr'>legatis</span> <span class='ocrx_word' id='word_1_64' title='bbox 1018 863 1163 934; x_wconf 82' lang='lat' dir='ltr'>darentur,</span> 
     </span>
    </p>

    <p class='ocr_par' dir='ltr' id='par_1_8' title="bbox 197 941 1164 1021">
     <span class='ocr_line' id='line_1_8' title="bbox 197 941 1164 1021; baseline -0.007 -18"><span class='ocrx_word' id='word_1_65' title='bbox 197 955 260 1021; x_wconf 82' lang='lat' dir='ltr'>quae</span> <span class='ocrx_word' id='word_1_66' title='bbox 274 946 460 1020; x_wconf 77' lang='lat' dir='ltr'>deprehensae</span> <span class='ocrx_word' id='word_1_67' title='bbox 474 963 534 1000; x_wconf 87' lang='lat' dir='ltr'>rem</span> <span class='ocrx_word' id='word_1_68' title='bbox 547 962 703 1019; x_wconf 84' lang='lat' dir='ltr'>coarguere</span> <span class='ocrx_word' id='word_1_69' title='bbox 717 953 841 1018; x_wconf 82' lang='lat' dir='ltr'>possent,</span> <span class='ocrx_word' id='word_1_70' title='bbox 856 941 1058 1016; x_wconf 80' lang='lat' dir='ltr'>exspectabat:</span> <span class='ocrx_word' id='word_1_71' title='bbox 1089 952 1164 1015; x_wconf 90' lang='lat' dir='ltr'>post·</span> 
     </span>
    </p>

    <p class='ocr_par' dir='ltr' id='par_1_9' title="bbox 171 1019 1164 1098">
     <span class='ocr_line' id='line_1_9' title="bbox 171 1019 1164 1098; baseline -0.007 -17"><span class='ocrx_word' id='word_1_72' title='bbox 171 1039 180 1069; x_wconf 61' lang='lat' dir='ltr'><strong>u</strong></span> <span class='ocrx_word' id='word_1_73' title='bbox 198 1043 281 1098; x_wconf 89' lang='lat' dir='ltr'>quaro</span> <span class='ocrx_word' id='word_1_74' title='bbox 296 1025 376 1080; x_wconf 87' lang='lat' dir='ltr'>datas</span> <span class='ocrx_word' id='word_1_75' title='bbox 390 1023 493 1087; x_wconf 69' lang='lat' dir='ltr'>sensit,</span> <span class='ocrx_word' id='word_1_76' title='bbox 514 1041 575 1080; x_wconf 90' lang='lat' dir='ltr'>rem</span> <span class='ocrx_word' id='word_1_77' title='bbox 600 1023 636 1078; x_wconf 87' lang='lat' dir='ltr'>ad</span> <span class='ocrx_word' id='word_1_78' title='bbox 661 1020 793 1078; x_wconf 90' lang='lat' dir='ltr'>consules</span> <span class='ocrx_word' id='word_1_79' title='bbox 809 1019 919 1076; x_wconf 91' lang='lat' dir='ltr'>detulit.</span> <span class='ocrx_word' id='word_1_80' title='bbox 961 1019 1112 1084; x_wconf 80' lang='lat' dir='ltr'>Consules,</span> <span class='ocrx_word' id='word_1_81' title='bbox 1128 1019 1164 1074; x_wconf 91' lang='lat' dir='ltr'>ad</span> 
     </span>
    </p>

    <p class='ocr_par' dir='ltr' id='par_1_10' title="bbox 171 1095 1164 1176">
     <span class='ocr_line' id='line_1_10' title="bbox 171 1095 1164 1176; baseline -0.006 -18"><span class='ocrx_word' id='word_1_82' title='bbox 171 1118 185 1168; x_wconf 61' lang='lat'>«⁹</span> <span class='ocrx_word' id='word_1_83' title='bbox 199 1101 454 1176; x_wconf 89' lang='lat' dir='ltr'>deprehendendos</span> <span class='ocrx_word' id='word_1_84' title='bbox 468 1101 576 1176; x_wconf 88' lang='lat' dir='ltr'>legatos</span> <span class='ocrx_word' id='word_1_85' title='bbox 600 1100 817 1175; x_wconf 87' lang='lat' dir='ltr'>conjuratosque</span> <span class='ocrx_word' id='word_1_86' title='bbox 839 1097 957 1173; x_wconf 84' lang='lat' dir='ltr'>profecti</span> <span class='ocrx_word' id='word_1_87' title='bbox 982 1097 1076 1162; x_wconf 90' lang='lat' dir='ltr'>domo,</span> <span class='ocrx_word' id='word_1_88' title='bbox 1101 1095 1164 1154; x_wconf 87' lang='lat' dir='ltr'>sirie</span> 
     </span>
    </p>

    <p class='ocr_par' dir='ltr' id='par_1_11' title="bbox 166 1175 1165 1256">
     <span class='ocr_line' id='line_1_11' title="bbox 166 1175 1165 1256; baseline -0.002 -22"><span class='ocrx_word' id='word_1_89' title='bbox 166 1195 192 1235; x_wconf 78' lang='lat' dir='ltr'>tc</span> <span class='ocrx_word' id='word_1_90' title='bbox 200 1181 322 1236; x_wconf 89' lang='lat' dir='ltr'>tumultu</span> <span class='ocrx_word' id='word_1_91' title='bbox 337 1197 395 1235; x_wconf 88' lang='lat' dir='ltr'>rem</span> <span class='ocrx_word' id='word_1_92' title='bbox 409 1197 523 1234; x_wconf 90' lang='lat' dir='ltr'>ornnem</span> <span class='ocrx_word' id='word_1_93' title='bbox 538 1181 722 1256; x_wconf 75' lang='lat' dir='ltr'>oppressere:</span> <span class='ocrx_word' id='word_1_94' title='bbox 756 1177 899 1232; x_wconf 89' lang='lat' dir='ltr'>literarum</span> <span class='ocrx_word' id='word_1_95' title='bbox 915 1175 1053 1249; x_wconf 84' lang='lat' dir='ltr'>imprimis</span> <span class='ocrx_word' id='word_1_96' title='bbox 1069 1175 1165 1232; x_wconf 90' lang='lat' dir='ltr'>habita</span> 
     </span>
    </p>

    <p class='ocr_par' dir='ltr' id='par_1_12' title="bbox 166 1253 1164 1329">
     <span class='ocr_line' id='line_1_12' title="bbox 166 1253 1164 1329; baseline -0.004 -16"><span class='ocrx_word' id='word_1_97' title='bbox 166 1275 171 1314; x_wconf 66' lang='grc' dir='ltr'><strong><em>τ</em></strong></span> <span class='ocrx_word' id='word_1_98' title='bbox 199 1253 279 1329; x_wconf 85' lang='lat' dir='ltr'>cura,</span> <span class='ocrx_word' id='word_1_99' title='bbox 304 1276 340 1314; x_wconf 92' lang='lat' dir='ltr'>ne</span> <span class='ocrx_word' id='word_1_100' title='bbox 363 1254 573 1313; x_wconf 82' lang='lat' dir='ltr'>interciderent.</span> <span class='ocrx_word' id='word_1_101' title='bbox 618 1255 810 1312; x_wconf 84' lang='lat' dir='ltr'>Proditoribus</span> <span class='ocrx_word' id='word_1_102' title='bbox 834 1253 976 1328; x_wconf 86' lang='lat' dir='ltr'>extemplo</span> <span class='ocrx_word' id='word_1_103' title='bbox 995 1255 1025 1310; x_wconf 91' lang='lat' dir='ltr'>in</span> <span class='ocrx_word' id='word_1_104' title='bbox 1049 1253 1164 1309; x_wconf 87' lang='lat' dir='ltr'>vincula</span> 
     </span>
    </p>

    <p class='ocr_par' dir='ltr' id='par_1_13' title="bbox 159 1331 1164 1410">
     <span class='ocr_line' id='line_1_13' title="bbox 159 1331 1164 1410; baseline -0.005 -19"><span class='ocrx_word' id='word_1_105' title='bbox 159 1335 345 1410; x_wconf 80' lang='lat' dir='ltr'>&#39;.&#39;cenjectis‚</span> <span class='ocrx_word' id='word_1_106' title='bbox 360 1335 396 1390; x_wconf 90' lang='lat' dir='ltr'>de</span> <span class='ocrx_word' id='word_1_107' title='bbox 410 1335 512 1409; x_wconf 87' lang='lat' dir='ltr'>legatis</span> <span class='ocrx_word' id='word_1_108' title='bbox 533 1333 680 1409; x_wconf 91' lang='lat' dir='ltr'>paululum</span> <span class='ocrx_word' id='word_1_109' title='bbox 702 1331 897 1388; x_wconf 86' lang='lat' dir='ltr'>addubitatum</span> <span class='ocrx_word' id='word_1_110' title='bbox 923 1344 982 1400; x_wconf 87' lang='lat' dir='ltr'>est;</span> <span class='ocrx_word' id='word_1_111' title='bbox 1015 1341 1045 1386; x_wconf 91' lang='lat' dir='ltr'>et</span> <span class='ocrx_word' id='word_1_112' title='bbox 1067 1349 1164 1404; x_wconf 87' lang='lat' dir='ltr'>quam·</span> 
     </span>
    </p>

    <p class='ocr_par' dir='ltr' id='par_1_14' title="bbox 146 1409 1163 1566">
     <span class='ocr_line' id='line_1_14' title="bbox 150 1409 1163 1486; baseline -0.001 -19"><span class='ocrx_word' id='word_1_113' title='bbox 150 1421 157 1449; x_wconf 64' lang='lat'>¹¹</span> <span class='ocrx_word' id='word_1_114' title='bbox 171 1413 347 1486; x_wconf 67' lang='lat' dir='ltr'>aquamrisi</span> <span class='ocrx_word' id='word_1_115' title='bbox 362 1422 429 1468; x_wconf 91' lang='lat' dir='ltr'>sunt</span> <span class='ocrx_word' id='word_1_116' title='bbox 439 1412 626 1479; x_wconf 82' lang='lat' dir='ltr'>commisisse,</span> <span class='ocrx_word' id='word_1_117' title='bbox 639 1421 670 1468; x_wconf 92' lang='lat' dir='ltr'>ut</span> <span class='ocrx_word' id='word_1_118' title='bbox 684 1410 808 1468; x_wconf 91' lang='lat' dir='ltr'>hostium</span> <span class='ocrx_word' id='word_1_119' title='bbox 819 1409 883 1468; x_wconf 91' lang='lat' dir='ltr'>loco</span> <span class='ocrx_word' id='word_1_120' title='bbox 893 1418 997 1478; x_wconf 83' lang='lat' dir='ltr'>essent,</span> <span class='ocrx_word' id='word_1_121' title='bbox 1010 1409 1056 1484; x_wconf 88' lang='lat' dir='ltr'>jus</span> <span class='ocrx_word' id='word_1_122' title='bbox 1067 1419 1163 1466; x_wconf 87' lang='lat' dir='ltr'>tamen</span> 
     </span>
     <span class='ocr_line' id='line_1_15' title="bbox 146 1489 507 1566; baseline -0.003 -18"><span class='ocrx_word' id='word_1_123' title='bbox 146 1491 188 1550; x_wconf 68' lang='lat' dir='ltr'>tlt</span> <span class='ocrx_word' id='word_1_124' title='bbox 198 1491 327 1566; x_wconf 89' lang='lat' dir='ltr'>gentium</span> <span class='ocrx_word' id='word_1_125' title='bbox 341 1489 466 1547; x_wconf 77' lang='lat' dir='ltr'>valuit‘</span> <span class='ocrx_word' id='word_1_126' title='bbox 499 1510 507 1527; x_wconf 75' lang='lat'>=</span> 
     </span>
    </p>
   </div>
   <div class='ocr_carea' id='block_1_3' title="bbox 141 1645 1196 3835">
    <p class='ocr_par' dir='ltr' id='par_1_15' title="bbox 141 1645 1196 3835">
     <span class='ocr_line' id='line_1_16' title="bbox 166 1645 1164 1725; baseline 0 -21"><span class='ocrx_word' id='word_1_127' title='bbox 166 1665 191 1704; x_wconf 82' lang='lat' dir='ltr'>rs</span> <span class='ocrx_word' id='word_1_128' title='bbox 238 1647 274 1704; x_wconf 94' lang='lat' dir='ltr'>V.</span> <span class='ocrx_word' id='word_1_129' title='bbox 296 1648 342 1704; x_wconf 89' lang='lat' dir='ltr'>De</span> <span class='ocrx_word' id='word_1_130' title='bbox 356 1649 438 1706; x_wconf 84' lang='lat' dir='ltr'>bonis</span> <span class='ocrx_word' id='word_1_131' title='bbox 452 1649 548 1725; x_wconf 83' lang='lat' dir='ltr'>regiis,</span> <span class='ocrx_word' id='word_1_132' title='bbox 562 1667 625 1723; x_wconf 77' lang='lat' dir='ltr'>que</span> <span class='ocrx_word' id='word_1_133' title='bbox 639 1649 720 1706; x_wconf 92' lang='lat' dir='ltr'>reddi</span> <span class='ocrx_word' id='word_1_134' title='bbox 742 1647 807 1708; x_wconf 69' lang='lat' dir='ltr'>ante</span> <span class='ocrx_word' id='word_1_135' title='bbox 829 1657 1011 1718; x_wconf 85' lang='lat' dir='ltr'>censuerant,</span> <span class='ocrx_word' id='word_1_136' title='bbox 1033 1665 1078 1704; x_wconf 89' lang='lat' dir='ltr'>res</span> <span class='ocrx_word' id='word_1_137' title='bbox 1091 1645 1164 1704; x_wconf 88' lang='lat' dir='ltr'>inte·</span> 
     </span>
     <span class='ocr_line' id='line_1_17' title="bbox 157 1723 1162 1799; baseline 0.001 -18"><span class='ocrx_word' id='word_1_138' title='bbox 157 1735 250 1799; x_wconf 45' lang='lat' dir='ltr'>tagra</span> <span class='ocrx_word' id='word_1_139' title='bbox 263 1727 381 1784; x_wconf 81' lang='lat' dir='ltr'>refertur</span> <span class='ocrx_word' id='word_1_140' title='bbox 395 1728 430 1784; x_wconf 90' lang='lat' dir='ltr'>ad</span> <span class='ocrx_word' id='word_1_141' title='bbox 446 1727 564 1784; x_wconf 90' lang='lat' dir='ltr'>Patres:</span> <span class='ocrx_word' id='word_1_142' title='bbox 593 1727 633 1784; x_wconf 93' lang='lat' dir='ltr'>illi</span> <span class='ocrx_word' id='word_1_143' title='bbox 656 1727 722 1784; x_wconf 86' lang='lat' dir='ltr'>victi</span> <span class='ocrx_word' id='word_1_144' title='bbox 746 1727 787 1784; x_wconf 69' lang='lat' dir='ltr'>ira</span> <span class='ocrx_word' id='word_1_145' title='bbox 812 1725 928 1784; x_wconf 68' lang='lat' dir='ltr'>vetuere</span> <span class='ocrx_word' id='word_1_146' title='bbox 942 1726 1031 1794; x_wconf 88' lang='lat' dir='ltr'>reddi,</span> <span class='ocrx_word' id='word_1_147' title='bbox 1046 1723 1162 1782; x_wconf 67' lang='lat' dir='ltr'>vetuere</span> 
     </span>
     <span class='ocr_line' id='line_1_18' title="bbox 153 1803 1163 1880; baseline -0.005 -16"><span class='ocrx_word' id='word_1_148' title='bbox 153 1803 227 1864; x_wconf 78' lang='lat' dir='ltr'>t&#39;sin</span> <span class='ocrx_word' id='word_1_149' title='bbox 243 1804 387 1878; x_wconf 90' lang='lat' dir='ltr'>publicum</span> <span class='ocrx_word' id='word_1_150' title='bbox 403 1806 503 1880; x_wconf 87' lang='lat' dir='ltr'>redigi.</span> <span class='ocrx_word' id='word_1_151' title='bbox 531 1804 714 1880; x_wconf 84' lang='lat' dir='ltr'>&#39;Diripienda</span> <span class='ocrx_word' id='word_1_152' title='bbox 727 1805 803 1880; x_wconf 87' lang='lat' dir='ltr'>plebi</span> <span class='ocrx_word' id='word_1_153' title='bbox 827 1815 894 1862; x_wconf 88' lang='lat' dir='ltr'>sunt</span> <span class='ocrx_word' id='word_1_154' title='bbox 918 1805 1000 1872; x_wconf 86' lang='lat' dir='ltr'>data;</span> <span class='ocrx_word' id='word_1_155' title='bbox 1029 1815 1069 1870; x_wconf 90' lang='lat' dir='ltr'>ut,</span> <span class='ocrx_word' id='word_1_156' title='bbox 1095 1821 1163 1860; x_wconf 88' lang='lat' dir='ltr'>con·</span> 
     </span>
     <span class='ocr_line' id='line_1_19' title="bbox 151 1881 1163 1958; baseline 0.002 -22"><span class='ocrx_word' id='word_1_157' title='bbox 151 1899 186 1956; x_wconf 39' lang='grc' dir='ltr'>ι’·</span> <span class='ocrx_word' id='word_1_158' title='bbox 198 1890 274 1938; x_wconf 88' lang='lat' dir='ltr'>tacta</span> <span class='ocrx_word' id='word_1_159' title='bbox 288 1883 367 1958; x_wconf 73' lang='lat' dir='ltr'>regiis</span> <span class='ocrx_word' id='word_1_160' title='bbox 381 1884 487 1958; x_wconf 69' lang='lat' dir='ltr'>predii,</span> <span class='ocrx_word' id='word_1_161' title='bbox 502 1903 580 1958; x_wconf 89' lang='lat' dir='ltr'>spem</span> <span class='ocrx_word' id='word_1_162' title='bbox 596 1883 625 1940; x_wconf 91' lang='lat' dir='ltr'>in</span> <span class='ocrx_word' id='word_1_163' title='bbox 640 1895 808 1958; x_wconf 88' lang='lat' dir='ltr'>perpetuum</span> <span class='ocrx_word' id='word_1_164' title='bbox 820 1901 887 1940; x_wconf 89' lang='lat' dir='ltr'>curn</span> <span class='ocrx_word' id='word_1_165' title='bbox 903 1882 946 1939; x_wconf 83' lang='lat' dir='ltr'>liis</span> <span class='ocrx_word' id='word_1_166' title='bbox 960 1882 1039 1956; x_wconf 88' lang='lat' dir='ltr'>pacis</span> <span class='ocrx_word' id='word_1_167' title='bbox 1052 1881 1163 1938; x_wconf 89' lang='lat' dir='ltr'>amitte-</span> 
     </span>
     <span class='ocr_line' id='line_1_20' title="bbox 141 1959 1160 2036; baseline -0.004 -18"><span class='ocrx_word' id='word_1_168' title='bbox 141 1975 151 2018; x_wconf 77' lang='lat' dir='ltr'>t</span> <span class='ocrx_word' id='word_1_169' title='bbox 167 1975 184 2022; x_wconf 74' lang='lat' dir='ltr'>&#39;r</span> <span class='ocrx_word' id='word_1_170' title='bbox 197 1970 248 2014; x_wconf 90' lang='lat' dir='ltr'>ret.</span> <span class='ocrx_word' id='word_1_171' title='bbox 291 1962 371 2036; x_wconf 89' lang='lat' dir='ltr'>Ager</span> <span class='ocrx_word' id='word_1_172' title='bbox 385 1961 617 2036; x_wconf 74' lang='lat' dir='ltr'>Tarquiniorum,</span> <span class='ocrx_word' id='word_1_173' title='bbox 632 1961 680 2036; x_wconf 86' lang='lat' dir='ltr'>qui</span> <span class='ocrx_word' id='word_1_174' title='bbox 696 1961 769 2018; x_wconf 90' lang='lat' dir='ltr'>inter</span> <span class='ocrx_word' id='word_1_175' title='bbox 784 1962 882 2017; x_wconf 91' lang='lat' dir='ltr'>urbem</span> <span class='ocrx_word' id='word_1_176' title='bbox 904 1979 938 2016; x_wconf 89' lang='lat' dir='ltr'>ac</span> <span class='ocrx_word' id='word_1_177' title='bbox 953 1959 1083 2016; x_wconf 88' lang='lat' dir='ltr'>Tiberim</span> <span class='ocrx_word' id='word_1_178' title='bbox 1099 1959 1160 2030; x_wconf 79' lang='lat' dir='ltr'>suit,</span> 
     </span>
     <span class='ocr_line' id='line_1_21' title="bbox 162 2036 1162 2114; baseline 0.002 -22"><span class='ocrx_word' id='word_1_179' title='bbox 162 2050 382 2096; x_wconf 79' lang='lat' dir='ltr'>soconsecratus</span> <span class='ocrx_word' id='word_1_180' title='bbox 397 2039 492 2105; x_wconf 86' lang='lat' dir='ltr'>Marti,</span> <span class='ocrx_word' id='word_1_181' title='bbox 509 2039 630 2096; x_wconf 86' lang='lat' dir='ltr'>Martius</span> <span class='ocrx_word' id='word_1_182' title='bbox 651 2040 756 2096; x_wconf 85' lang='lat' dir='ltr'>deinde</span> <span class='ocrx_word' id='word_1_183' title='bbox 778 2037 905 2114; x_wconf 86' lang='lat' dir='ltr'>Campus</span> <span class='ocrx_word' id='word_1_184' title='bbox 920 2039 980 2096; x_wconf 86' lang='lat' dir='ltr'>luit.</span> <span class='ocrx_word' id='word_1_185' title='bbox 1023 2036 1108 2094; x_wconf 85' lang='lat' dir='ltr'>Forte</span> <span class='ocrx_word' id='word_1_186' title='bbox 1123 2037 1162 2094; x_wconf 89' lang='lat' dir='ltr'>ibi</span> 
     </span>
     <span class='ocr_line' id='line_1_22' title="bbox 182 2115 1162 2192; baseline -0.001 -20"><span class='ocrx_word' id='word_1_187' title='bbox 182 2123 257 2172; x_wconf 75' lang='lat' dir='ltr'>:turn</span> <span class='ocrx_word' id='word_1_188' title='bbox 272 2135 356 2190; x_wconf 85' lang='lat' dir='ltr'>seges</span> <span class='ocrx_word' id='word_1_189' title='bbox 369 2117 450 2174; x_wconf 85' lang='lat' dir='ltr'>farris</span> <span class='ocrx_word' id='word_1_190' title='bbox 463 2117 566 2174; x_wconf 89' lang='lat' dir='ltr'>dicitur</span> <span class='ocrx_word' id='word_1_191' title='bbox 583 2117 669 2174; x_wconf 87' lang='lat' dir='ltr'>fuisse</span> <span class='ocrx_word' id='word_1_192' title='bbox 691 2128 802 2174; x_wconf 88' lang='lat' dir='ltr'>matura</span> <span class='ocrx_word' id='word_1_193' title='bbox 823 2117 927 2174; x_wconf 86' lang='lat' dir='ltr'>messi:</span> <span class='ocrx_word' id='word_1_194' title='bbox 962 2135 1045 2191; x_wconf 89' lang='lat' dir='ltr'>quern</span> <span class='ocrx_word' id='word_1_195' title='bbox 1068 2115 1162 2192; x_wconf 92' lang='lat' dir='ltr'>campi</span> 
     </span>
     <span class='ocr_line' id='line_1_23' title="bbox 149 2192 1161 2270; baseline 0.002 -20"><span class='ocrx_word' id='word_1_196' title='bbox 149 2192 322 2250; x_wconf 61' lang='lat' dir='ltr'>:tfructum</span> <span class='ocrx_word' id='word_1_197' title='bbox 343 2195 410 2268; x_wconf 88' lang='lat' dir='ltr'>quia</span> <span class='ocrx_word' id='word_1_198' title='bbox 437 2195 600 2270; x_wconf 90' lang='lat' dir='ltr'>religiosum</span> <span class='ocrx_word' id='word_1_199' title='bbox 628 2206 689 2260; x_wconf 86' lang='lat' dir='ltr'>erat</span> <span class='ocrx_word' id='word_1_200' title='bbox 720 2213 898 2264; x_wconf 84' lang='lat' dir='ltr'>consumere,</span> <span class='ocrx_word' id='word_1_201' title='bbox 928 2195 1073 2251; x_wconf 90' lang='lat' dir='ltr'>desectam</span> <span class='ocrx_word' id='word_1_202' title='bbox 1094 2214 1161 2252; x_wconf 89' lang='lat' dir='ltr'>cum</span> 
     </span>
     <span class='ocr_line' id='line_1_24' title="bbox 155 2273 1163 2350; baseline 0.002 -22"><span class='ocrx_word' id='word_1_203' title='bbox 155 2273 169 2318; x_wconf 70' lang='lat'><em>2</em></span> <span class='ocrx_word' id='word_1_204' title='bbox 182 2273 352 2328; x_wconf 75' lang='lat' dir='ltr'>istramento</span> <span class='ocrx_word' id='word_1_205' title='bbox 366 2283 490 2348; x_wconf 83' lang='lat' dir='ltr'>segetem</span> <span class='ocrx_word' id='word_1_206' title='bbox 506 2275 665 2350; x_wconf 77' lang='lat' dir='ltr'>magnatis</span> <span class='ocrx_word' id='word_1_207' title='bbox 689 2273 939 2331; x_wconf 82' lang='lat' dir='ltr'>hominumsirnul</span> <span class='ocrx_word' id='word_1_208' title='bbox 961 2273 1088 2330; x_wconf 88' lang='lat' dir='ltr'>immissa</span> <span class='ocrx_word' id='word_1_209' title='bbox 1101 2293 1163 2330; x_wconf 91' lang='lat' dir='ltr'>cor-</span> 
     </span>
     <span class='ocr_line' id='line_1_25' title="bbox 161 2348 1162 2426; baseline 0.004 -22"><span class='ocrx_word' id='word_1_210' title='bbox 161 2348 281 2406; x_wconf 63' lang='lat' dir='ltr'>&#39;&#39;tbibus</span> <span class='ocrx_word' id='word_1_211' title='bbox 308 2349 406 2407; x_wconf 73' lang='lat' dir='ltr'>ludere</span> <span class='ocrx_word' id='word_1_212' title='bbox 427 2351 455 2408; x_wconf 90' lang='lat' dir='ltr'>in</span> <span class='ocrx_word' id='word_1_213' title='bbox 479 2351 619 2418; x_wconf 86' lang='lat' dir='ltr'>Tiberim,</span> <span class='ocrx_word' id='word_1_214' title='bbox 640 2353 719 2409; x_wconf 88' lang='lat' dir='ltr'>tenui</span> <span class='ocrx_word' id='word_1_215' title='bbox 740 2351 877 2410; x_wconf 87' lang='lat' dir='ltr'>fluentem</span> <span class='ocrx_word' id='word_1_216' title='bbox 898 2352 980 2426; x_wconf 74' lang='lat' dir='ltr'>aqud,</span> <span class='ocrx_word' id='word_1_217' title='bbox 1008 2362 1040 2408; x_wconf 90' lang='lat' dir='ltr'>ut</span> <span class='ocrx_word' id='word_1_218' title='bbox 1060 2352 1162 2408; x_wconf 90' lang='lat' dir='ltr'>mediis</span> 
     </span>
     <span class='ocr_line' id='line_1_26' title="bbox 162 2427 1184 2488; baseline 0.004 -4"><span class='ocrx_word' id='word_1_219' title='bbox 162 2427 338 2484; x_wconf 79' lang='lat' dir='ltr'>ascaloribus</span> <span class='ocrx_word' id='word_1_220' title='bbox 358 2427 449 2486; x_wconf 89' lang='lat' dir='ltr'>solet:</span> <span class='ocrx_word' id='word_1_221' title='bbox 484 2429 524 2486; x_wconf 89' lang='lat' dir='ltr'>ita</span> <span class='ocrx_word' id='word_1_222' title='bbox 544 2430 573 2486; x_wconf 91' lang='lat' dir='ltr'>in</span> <span class='ocrx_word' id='word_1_223' title='bbox 595 2431 675 2486; x_wconf 84' lang='lat' dir='ltr'>vadis</span> <span class='ocrx_word' id='word_1_224' title='bbox 703 2430 860 2488; x_wconf 72' lang='lat' dir='ltr'>hesitantis</span> <span class='ocrx_word' id='word_1_225' title='bbox 891 2429 1023 2488; x_wconf 83' lang='lat' dir='ltr'>frumenti</span> <span class='ocrx_word' id='word_1_226' title='bbox 1046 2449 1184 2488; x_wconf 84' lang='lat' dir='ltr'>acervos·</span> 
     </span>
     <span class='ocr_line' id='line_1_27' title="bbox 155 2505 1162 2584; baseline 0.008 -28"><span class='ocrx_word' id='word_1_227' title='bbox 155 2505 303 2564; x_wconf 64' lang='lat' dir='ltr'>:sedisse</span> <span class='ocrx_word' id='word_1_228' title='bbox 326 2507 410 2564; x_wconf 87' lang='lat' dir='ltr'>illitos</span> <span class='ocrx_word' id='word_1_229' title='bbox 431 2507 519 2565; x_wconf 85' lang='lat' dir='ltr'>limo:</span> <span class='ocrx_word' id='word_1_230' title='bbox 551 2508 673 2566; x_wconf 88' lang='lat' dir='ltr'>insulam</span> <span class='ocrx_word' id='word_1_231' title='bbox 698 2509 765 2566; x_wconf 90' lang='lat' dir='ltr'>inde</span> <span class='ocrx_word' id='word_1_232' title='bbox 786 2509 932 2584; x_wconf 89' lang='lat' dir='ltr'>paulatim,</span> <span class='ocrx_word' id='word_1_233' title='bbox 959 2520 989 2565; x_wconf 91' lang='lat' dir='ltr'>et</span> <span class='ocrx_word' id='word_1_234' title='bbox 1012 2509 1085 2580; x_wconf 87' lang='lat' dir='ltr'>aliis,</span> <span class='ocrx_word' id='word_1_235' title='bbox 1098 2527 1162 2582; x_wconf 74' lang='lat' dir='ltr'>que</span> 
     </span>
     <span class='ocr_line' id='line_1_28' title="bbox 149 2583 1163 2660; baseline 0.001 -19"><span class='ocrx_word' id='word_1_236' title='bbox 149 2631 154 2641; x_wconf 93' lang='lat'><em>.</em></span> <span class='ocrx_word' id='word_1_237' title='bbox 180 2583 251 2640; x_wconf 68' lang='lat' dir='ltr'>“tert</span> <span class='ocrx_word' id='word_1_238' title='bbox 273 2585 380 2641; x_wconf 71' lang='lat' dir='ltr'>temere</span> <span class='ocrx_word' id='word_1_239' title='bbox 404 2585 523 2656; x_wconf 87' lang='lat' dir='ltr'>flumen,</span> <span class='ocrx_word' id='word_1_240' title='bbox 544 2584 644 2642; x_wconf 80' lang='lat' dir='ltr'>eddem</span> <span class='ocrx_word' id='word_1_241' title='bbox 661 2587 790 2653; x_wconf 84' lang='lat' dir='ltr'>invectis,</span> <span class='ocrx_word' id='word_1_242' title='bbox 806 2586 929 2644; x_wconf 87' lang='lat' dir='ltr'>saetam:</span> <span class='ocrx_word' id='word_1_243' title='bbox 964 2597 1062 2660; x_wconf 90' lang='lat' dir='ltr'>postea</span> <span class='ocrx_word' id='word_1_244' title='bbox 1075 2587 1163 2643; x_wconf 88' lang='lat' dir='ltr'>credo</span> 
     </span>
     <span class='ocr_line' id='line_1_29' title="bbox 145 2661 1162 2740; baseline 0.003 -24"><span class='ocrx_word' id='word_1_245' title='bbox 145 2699 153 2708; x_wconf 87' lang='lat'>-</span> <span class='ocrx_word' id='word_1_246' title='bbox 180 2661 307 2718; x_wconf 76' lang='lat' dir='ltr'>additas</span> <span class='ocrx_word' id='word_1_247' title='bbox 320 2663 419 2736; x_wconf 86' lang='lat' dir='ltr'>moles,</span> <span class='ocrx_word' id='word_1_248' title='bbox 435 2683 577 2740; x_wconf 87' lang='lat' dir='ltr'>manuque</span> <span class='ocrx_word' id='word_1_249' title='bbox 591 2665 729 2740; x_wconf 87' lang='lat' dir='ltr'>adjutum,</span> <span class='ocrx_word' id='word_1_250' title='bbox 753 2675 854 2722; x_wconf 86' lang='lat' dir='ltr'>uttam</span> <span class='ocrx_word' id='word_1_251' title='bbox 869 2665 1001 2721; x_wconf 88' lang='lat' dir='ltr'>eminens</span> <span class='ocrx_word' id='word_1_252' title='bbox 1015 2683 1090 2730; x_wconf 89' lang='lat' dir='ltr'>area,</span> <span class='ocrx_word' id='word_1_253' title='bbox 1116 2665 1162 2720; x_wconf 90' lang='lat' dir='ltr'>lir-</span> 
     </span>
     <span class='ocr_line' id='line_1_30' title="bbox 145 2741 1162 2822; baseline 0.005 -29"><span class='ocrx_word' id='word_1_254' title='bbox 145 2749 161 2794; x_wconf 74' lang='grc'>.“.</span> <span class='ocrx_word' id='word_1_255' title='bbox 183 2755 297 2814; x_wconf 77' lang='lat' dir='ltr'>&#39;meque</span> <span class='ocrx_word' id='word_1_256' title='bbox 311 2741 424 2816; x_wconf 89' lang='lat' dir='ltr'>templis</span> <span class='ocrx_word' id='word_1_257' title='bbox 437 2761 548 2822; x_wconf 81' lang='lat' dir='ltr'>quoqne</span> <span class='ocrx_word' id='word_1_258' title='bbox 562 2761 597 2799; x_wconf 89' lang='lat' dir='ltr'>ac</span> <span class='ocrx_word' id='word_1_259' title='bbox 610 2743 766 2818; x_wconf 90' lang='lat' dir='ltr'>porticibus</span> <span class='ocrx_word' id='word_1_260' title='bbox 790 2741 964 2800; x_wconf 85' lang='lat' dir='ltr'>sustinendis</span> <span class='ocrx_word' id='word_1_261' title='bbox 985 2752 1069 2798; x_wconf 89' lang='lat' dir='ltr'>esset.</span> <span class='ocrx_word' id='word_1_262' title='bbox 1110 2741 1162 2798; x_wconf 91' lang='lat' dir='ltr'>Di·</span> 
     </span>
     <span class='ocr_line' id='line_1_31' title="bbox 161 2819 1161 2896; baseline 0.002 -22"><span class='ocrx_word' id='word_1_263' title='bbox 161 2819 282 2892; x_wconf 82' lang='lat' dir='ltr'>aoreptis</span> <span class='ocrx_word' id='word_1_264' title='bbox 297 2819 378 2876; x_wconf 89' lang='lat' dir='ltr'>bonis</span> <span class='ocrx_word' id='word_1_265' title='bbox 393 2839 503 2896; x_wconf 88' lang='lat' dir='ltr'>regum,</span> <span class='ocrx_word' id='word_1_266' title='bbox 517 2819 644 2878; x_wconf 86' lang='lat' dir='ltr'>damnati</span> <span class='ocrx_word' id='word_1_267' title='bbox 658 2821 825 2896; x_wconf 82' lang='lat' dir='ltr'>proditores,</span> <span class='ocrx_word' id='word_1_268' title='bbox 841 2819 1161 2896; x_wconf 76' lang='lat' dir='ltr'>sumptumquesuppli-</span> 
     </span>
     <span class='ocr_line' id='line_1_32' title="bbox 151 2895 1159 2974; baseline 0.003 -23"><span class='ocrx_word' id='word_1_269' title='bbox 151 2899 162 2946; x_wconf 86' lang='lat'>.&#39;</span> <span class='ocrx_word' id='word_1_270' title='bbox 179 2895 283 2963; x_wconf 67' lang='lat' dir='ltr'>elem,</span> <span class='ocrx_word' id='word_1_271' title='bbox 311 2899 494 2973; x_wconf 82' lang='lat' dir='ltr'>conspectius</span> <span class='ocrx_word' id='word_1_272' title='bbox 515 2897 558 2968; x_wconf 81' lang='lat' dir='ltr'>ed,</span> <span class='ocrx_word' id='word_1_273' title='bbox 583 2897 657 2974; x_wconf 72' lang='lat' dir='ltr'>quod</span> <span class='ocrx_word' id='word_1_274' title='bbox 677 2918 776 2974; x_wconf 68' lang='lat' dir='ltr'>‚poenae</span> <span class='ocrx_word' id='word_1_275' title='bbox 803 2898 950 2974; x_wconf 77' lang='lat' dir='ltr'>capiendae</span> <span class='ocrx_word' id='word_1_276' title='bbox 972 2899 1159 2956; x_wconf 88' lang='lat' dir='ltr'>ministerium</span> 
     </span>
     <span class='ocr_line' id='line_1_33' title="bbox 182 2975 1161 3072; baseline 0.001 -39"><span class='ocrx_word' id='word_1_277' title='bbox 182 3024 187 3033; x_wconf 92' lang='lat'>.</span> <span class='ocrx_word' id='word_1_278' title='bbox 195 2975 268 3048; x_wconf 89' lang='lat' dir='ltr'>patri</span> <span class='ocrx_word' id='word_1_279' title='bbox 282 2975 320 3032; x_wconf 89' lang='lat' dir='ltr'>de</span> <span class='ocrx_word' id='word_1_280' title='bbox 332 2975 428 3034; x_wconf 88' lang='lat' dir='ltr'>liberis</span> <span class='ocrx_word' id='word_1_281' title='bbox 442 2977 606 3036; x_wconf 87' lang='lat' dir='ltr'>consulatus</span> <span class='ocrx_word' id='word_1_282' title='bbox 628 2977 778 3053; x_wconf 84' lang='lat' dir='ltr'>imposuit3</span> <span class='ocrx_word' id='word_1_283' title='bbox 810 2977 920 3072; x_wconf 43' lang='lat' dir='ltr'>etgfqui</span> <span class='ocrx_word' id='word_1_284' title='bbox 945 2988 1086 3053; x_wconf 89' lang='lat' dir='ltr'>spectator</span> <span class='ocrx_word' id='word_1_285' title='bbox 1099 2987 1161 3034; x_wconf 90' lang='lat' dir='ltr'>erat</span> 
     </span>
     <span class='ocr_line' id='line_1_34' title="bbox 196 3043 1196 3132; baseline 0.006 -26"><span class='ocrx_word' id='word_1_286' title='bbox 196 3053 467 3121; x_wconf 74' lang='lat' dir='ltr'>amovendus‚&#39;eum</span> <span class='ocrx_word' id='word_1_287' title='bbox 486 3055 579 3132; x_wconf 90' lang='lat' dir='ltr'>ipsum</span> <span class='ocrx_word' id='word_1_288' title='bbox 600 3056 713 3113; x_wconf 89' lang='lat' dir='ltr'>fortuna</span> <span class='ocrx_word' id='word_1_289' title='bbox 735 3065 898 3114; x_wconf 86' lang='lat' dir='ltr'>exactorem</span> <span class='ocrx_word' id='word_1_290' title='bbox 923 3055 1053 3132; x_wconf 90' lang='lat' dir='ltr'>supplicii</span> <span class='ocrx_word' id='word_1_291' title='bbox 1072 3055 1160 3113; x_wconf 85' lang='lat' dir='ltr'>dedit.</span> <span class='ocrx_word' id='word_1_292' title='bbox 1185 3043 1196 3090; x_wconf 71' lang='lat'>¹·</span> 
     </span>
     <span class='ocr_line' id='line_1_35' title="bbox 196 3129 1161 3210; baseline 0.006 -24"><span class='ocrx_word' id='word_1_293' title='bbox 196 3129 317 3192; x_wconf 87' lang='lat' dir='ltr'>Stabant</span> <span class='ocrx_word' id='word_1_294' title='bbox 331 3133 447 3209; x_wconf 85' lang='lat' dir='ltr'>deligati</span> <span class='ocrx_word' id='word_1_295' title='bbox 462 3135 497 3191; x_wconf 91' lang='lat' dir='ltr'>ad</span> <span class='ocrx_word' id='word_1_296' title='bbox 511 3135 607 3210; x_wconf 89' lang='lat' dir='ltr'>palum</span> <span class='ocrx_word' id='word_1_297' title='bbox 621 3133 790 3193; x_wconf 81' lang='lat' dir='ltr'>nobilissimi</span> <span class='ocrx_word' id='word_1_298' title='bbox 810 3134 946 3210; x_wconf 88' lang='lat' dir='ltr'>juvenes:</span> <span class='ocrx_word' id='word_1_299' title='bbox 981 3135 1031 3192; x_wconf 90' lang='lat' dir='ltr'>sed</span> <span class='ocrx_word' id='word_1_300' title='bbox 1045 3153 1062 3192; x_wconf 86' lang='lat' dir='ltr'>a</span> <span class='ocrx_word' id='word_1_301' title='bbox 1076 3145 1161 3194; x_wconf 76' lang='lat' dir='ltr'>creto·</span> 
     </span>
     <span class='ocr_line' id='line_1_36' title="bbox 160 3207 1161 3288; baseline 0.004 -22"><span class='ocrx_word' id='word_1_302' title='bbox 160 3207 244 3279; x_wconf 78' lang='lat' dir='ltr'>seris,</span> <span class='ocrx_word' id='word_1_303' title='bbox 259 3209 334 3268; x_wconf 82' lang='lat' dir='ltr'>velut</span> <span class='ocrx_word' id='word_1_304' title='bbox 347 3211 383 3268; x_wconf 89' lang='lat' dir='ltr'>ab</span> <span class='ocrx_word' id='word_1_305' title='bbox 407 3212 512 3288; x_wconf 86' lang='lat' dir='ltr'>ignotis</span> <span class='ocrx_word' id='word_1_306' title='bbox 535 3213 686 3288; x_wconf 87' lang='lat' dir='ltr'>capitibus,</span> <span class='ocrx_word' id='word_1_307' title='bbox 708 3212 834 3270; x_wconf 90' lang='lat' dir='ltr'>consulis</span> <span class='ocrx_word' id='word_1_308' title='bbox 847 3212 928 3272; x_wconf 88' lang='lat' dir='ltr'>liberi</span> <span class='ocrx_word' id='word_1_309' title='bbox 942 3214 1070 3272; x_wconf 89' lang='lat' dir='ltr'>omnium</span> <span class='ocrx_word' id='word_1_310' title='bbox 1085 3215 1114 3271; x_wconf 90' lang='lat' dir='ltr'>in</span> <span class='ocrx_word' id='word_1_311' title='bbox 1128 3233 1161 3270; x_wconf 86' lang='lat' dir='ltr'>ss</span> 
     </span>
     <span class='ocr_line' id='line_1_37' title="bbox 164 3289 1158 3368; baseline 0.008 -28"><span class='ocrx_word' id='word_1_312' title='bbox 164 3299 167 3306; x_wconf 82' lang='grc'><strong>’</strong></span> <span class='ocrx_word' id='word_1_313' title='bbox 194 3289 355 3346; x_wconf 81' lang='lat' dir='ltr'>averterant</span> <span class='ocrx_word' id='word_1_314' title='bbox 367 3291 467 3348; x_wconf 90' lang='lat' dir='ltr'>oculos</span> <span class='ocrx_word' id='word_1_315' title='bbox 476 3310 484 3360; x_wconf 92' lang='lat'>;</span> <span class='ocrx_word' id='word_1_316' title='bbox 507 3290 715 3364; x_wconf 88' lang='lat' dir='ltr'>miserebatque</span> <span class='ocrx_word' id='word_1_317' title='bbox 729 3309 787 3347; x_wconf 90' lang='lat' dir='ltr'>non</span> <span class='ocrx_word' id='word_1_318' title='bbox 808 3310 899 3365; x_wconf 79' lang='lat' dir='ltr'>poenae</span> <span class='ocrx_word' id='word_1_319' title='bbox 914 3293 1005 3368; x_wconf 88' lang='lat' dir='ltr'>magis</span> <span class='ocrx_word' id='word_1_320' title='bbox 1020 3293 1158 3363; x_wconf 85' lang='lat' dir='ltr'>homines,</span> 
     </span>
     <span class='ocr_line' id='line_1_38' title="bbox 194 3365 1160 3446; baseline 0.009 -27"><span class='ocrx_word' id='word_1_321' title='bbox 194 3365 281 3438; x_wconf 73' lang='lat' dir='ltr'>quim</span> <span class='ocrx_word' id='word_1_322' title='bbox 295 3367 420 3440; x_wconf 88' lang='lat' dir='ltr'>sceleris,</span> <span class='ocrx_word' id='word_1_323' title='bbox 441 3388 497 3443; x_wconf 93' lang='lat' dir='ltr'>qno</span> <span class='ocrx_word' id='word_1_324' title='bbox 510 3387 624 3444; x_wconf 82' lang='lat' dir='ltr'>poenam</span> <span class='ocrx_word' id='word_1_325' title='bbox 644 3368 736 3425; x_wconf 89' lang='lat' dir='ltr'>meriti</span> <span class='ocrx_word' id='word_1_326' title='bbox 757 3380 871 3439; x_wconf 88' lang='lat' dir='ltr'>essent;</span> <span class='ocrx_word' id='word_1_327' title='bbox 906 3369 978 3442; x_wconf 91' lang='lat' dir='ltr'>illos,</span> <span class='ocrx_word' id='word_1_328' title='bbox 1001 3390 1037 3428; x_wconf 89' lang='lat' dir='ltr'>eo</span> <span class='ocrx_word' id='word_1_329' title='bbox 1050 3371 1160 3446; x_wconf 89' lang='lat' dir='ltr'>potissi·</span> 
     </span>
     <span class='ocr_line' id='line_1_39' title="bbox 162 3441 1160 3522; baseline 0.006 -22"><span class='ocrx_word' id='word_1_330' title='bbox 162 3492 167 3500; x_wconf 88' lang='lat'><em>.</em></span> <span class='ocrx_word' id='word_1_331' title='bbox 194 3441 274 3498; x_wconf 80' lang='lat' dir='ltr'>mrim</span> <span class='ocrx_word' id='word_1_332' title='bbox 289 3463 364 3502; x_wconf 86' lang='lat' dir='ltr'>anne</span> <span class='ocrx_word' id='word_1_333' title='bbox 377 3446 497 3521; x_wconf 88' lang='lat' dir='ltr'>patriam</span> <span class='ocrx_word' id='word_1_334' title='bbox 519 3447 676 3516; x_wconf 87' lang='lat' dir='ltr'>liberatam,</span> <span class='ocrx_word' id='word_1_335' title='bbox 697 3459 806 3522; x_wconf 87' lang='lat' dir='ltr'>patrem</span> <span class='ocrx_word' id='word_1_336' title='bbox 821 3447 1010 3520; x_wconf 83' lang='lat' dir='ltr'>liberatorem,</span> <span class='ocrx_word' id='word_1_337' title='bbox 1029 3449 1160 3507; x_wconf 91' lang='lat' dir='ltr'>consula·</span> 
     </span>
     <span class='ocr_line' id='line_1_40' title="bbox 184 3523 1161 3604; baseline 0.01 -28"><span class='ocrx_word' id='word_1_338' title='bbox 184 3529 255 3576; x_wconf 73' lang='lat' dir='ltr'>‘tum</span> <span class='ocrx_word' id='word_1_339' title='bbox 269 3533 362 3580; x_wconf 88' lang='lat' dir='ltr'>ortum</span> <span class='ocrx_word' id='word_1_340' title='bbox 376 3543 412 3580; x_wconf 87' lang='lat' dir='ltr'>ex</span> <span class='ocrx_word' id='word_1_341' title='bbox 425 3524 510 3582; x_wconf 91' lang='lat' dir='ltr'>domo</span> <span class='ocrx_word' id='word_1_342' title='bbox 533 3524 632 3596; x_wconf 71' lang='lat' dir='ltr'>lunia,</span> <span class='ocrx_word' id='word_1_343' title='bbox 660 3523 768 3596; x_wconf 86' lang='lat' dir='ltr'>Patres,</span> <span class='ocrx_word' id='word_1_344' title='bbox 792 3525 914 3602; x_wconf 87' lang='lat' dir='ltr'>plebem,</span> <span class='ocrx_word' id='word_1_345' title='bbox 933 3527 1069 3604; x_wconf 87' lang='lat' dir='ltr'>quidquid</span> <span class='ocrx_word' id='word_1_346' title='bbox 1080 3528 1161 3586; x_wconf 86' lang='lat' dir='ltr'>&#39;Deo-</span> 
     </span>
     <span class='ocr_line' id='line_1_41' title="bbox 142 3599 1158 3683; baseline 0.007 -27"><span class='ocrx_word' id='word_1_347' title='bbox 142 3615 256 3683; x_wconf 38' lang='lat' dir='ltr'>&#39;sorurrr</span> <span class='ocrx_word' id='word_1_348' title='bbox 272 3600 476 3677; x_wconf 88' lang='lat' dir='ltr'>hominumque</span> <span class='ocrx_word' id='word_1_349' title='bbox 499 3603 697 3662; x_wconf 85' lang='lat' dir='ltr'>Romanorum</span> <span class='ocrx_word' id='word_1_350' title='bbox 715 3616 799 3670; x_wconf 82' lang='lat' dir='ltr'>esset,</span> <span class='ocrx_word' id='word_1_351' title='bbox 815 3604 961 3662; x_wconf 78' lang='lat' dir='ltr'>induxisse</span> <span class='ocrx_word' id='word_1_352' title='bbox 978 3605 1007 3662; x_wconf 91' lang='lat' dir='ltr'>in</span> <span class='ocrx_word' id='word_1_353' title='bbox 1022 3599 1158 3675; x_wconf 85' lang='lat' dir='ltr'>animum,</span> 
     </span>
     <span class='ocr_line' id='line_1_42' title="bbox 164 3667 1158 3758; baseline 0.007 -25"><span class='ocrx_word' id='word_1_354' title='bbox 164 3730 168 3742; x_wconf 83' lang='lat'>‚</span> <span class='ocrx_word' id='word_1_355' title='bbox 193 3687 225 3734; x_wconf 90' lang='lat' dir='ltr'>ut</span> <span class='ocrx_word' id='word_1_356' title='bbox 251 3679 374 3754; x_wconf 84' lang='lat' dir='ltr'>superbo</span> <span class='ocrx_word' id='word_1_357' title='bbox 400 3681 541 3754; x_wconf 89' lang='lat' dir='ltr'>quondam</span> <span class='ocrx_word' id='word_1_358' title='bbox 568 3681 638 3758; x_wconf 84' lang='lat' dir='ltr'>regi,</span> <span class='ocrx_word' id='word_1_359' title='bbox 663 3695 724 3741; x_wconf 89' lang='lat' dir='ltr'>tum</span> <span class='ocrx_word' id='word_1_360' title='bbox 746 3683 848 3740; x_wconf 82' lang='lat' dir='ltr'>infesto</span> <span class='ocrx_word' id='word_1_361' title='bbox 869 3667 969 3750; x_wconf 74' lang='lat' dir='ltr'>eimnli,</span> <span class='ocrx_word' id='word_1_362' title='bbox 998 3684 1158 3758; x_wconf 87' lang='lat' dir='ltr'>proderent.</span> 
     </span>
     <span class='ocr_line' id='line_1_43' title="bbox 182 3753 1159 3835; baseline 0.004 -21"><span class='ocrx_word' id='word_1_363' title='bbox 182 3753 336 3828; x_wconf 33' lang='lat' dir='ltr'>qilonsules</span> <span class='ocrx_word' id='word_1_364' title='bbox 363 3757 393 3814; x_wconf 90' lang='lat' dir='ltr'>in</span> <span class='ocrx_word' id='word_1_365' title='bbox 414 3759 511 3816; x_wconf 89' lang='lat' dir='ltr'>sedern</span> <span class='ocrx_word' id='word_1_366' title='bbox 532 3759 697 3835; x_wconf 69' lang='lat' dir='ltr'>processere</span> <span class='ocrx_word' id='word_1_367' title='bbox 717 3779 809 3828; x_wconf 84' lang='lat' dir='ltr'>suam.</span> <span class='ocrx_word' id='word_1_368' title='bbox 831 3762 965 3835; x_wconf 85' lang='lat' dir='ltr'>missique</span> <span class='ocrx_word' id='word_1_369' title='bbox 989 3761 1102 3817; x_wconf 90' lang='lat' dir='ltr'>lictores</span> <span class='ocrx_word' id='word_1_370' title='bbox 1123 3762 1159 3818; x_wconf 89' lang='lat' dir='ltr'>ad</span> 
     </span>
    </p>
   </div>
   <div class='ocr_carea' id='block_1_4' title="bbox 0 0 1321 4224">
    <p class='ocr_par' dir='ltr' id='par_1_16' title="bbox 0 0 1321 4224">
     <span class='ocr_line' id='line_1_44' title="bbox 0 0 1321 4224; baseline 0 0"><span class='ocrx_word' id='word_1_371' title='bbox 0 0 1321 4224; x_wconf 95' lang='lat' dir='ltr'> </span> 
     </span>
    </p>
   </div>
  </div>
 </body>
</html>
