2620 4220
168 377 228 438 m
559 371 628 423 rm
645 373 731 424 nrvu
829 377 836 388 ·

168 527 250 578 sunt:
272 514 399 590 adebque
412 524 500 572 totam
514 515 615 574 urbem
633 515 756 592 opplevit
776 513 883 587 luctus,
909 523 941 571 ut
954 531 1068 571 sacrum
1082 531 1134 572 an·

168 594 354 652 niversarium
378 593 494 651 Cereris
513 590 706 651 intermissum
721 593 773 662 sit;
807 592 875 667 quia
898 610 954 649 nec
967 592 1134 668 lugentibus
1231 647 1233 652 .

168 673 198 730 id
212 672 307 730 facere
327 671 437 738 estias,
451 691 507 729 nec
521 669 579 728 ulla
592 673 621 730 in
635 673 684 728 ills
697 681 867 747 tempestate
888 680 1018 728 matrona
1030 689 1133 746 expers

168 751 261 808 luctus
275 749 381 807 suerat:
406 749 516 824 Itaque,
526 769 562 807 ne
576 751 614 807 ob
627 751 758 806 eamdem
770 767 886 806 causam
898 748 954 806 alia
963 767 1075 822 quoque
1088 767 1133 806 sa·

169 847 218 886 cru
232 829 348 903 publica
361 838 411 884 aut
424 829 530 902 privata
540 827 748 897 desererentur,
764 826 1133 884 senatds-ccnsultodiebus
1154 841 1169 880 s

168 907 285 982 triginta
305 907 399 964 luctus
420 915 463 963 est
481 905 586 974 finitus.
637 904 790 972 Caeterdm,
814 919 912 978 quum,
934 905 1033 961 sedato
1053 903 1132 962 u'rbis

168 985 302 1057 tumultu,
316 986 439 1042 revocati
454 984 483 1040 in
498 985 607 1040 curiam
632 984 731 1040 Patres
751 993 857 1050 essent,
882 982 945 1039 aliae
967 981 1082 1056 insuper
1095 1001 1133 1040 ex

169 1063 271 1120 Sicilia
283 1064 372 1120 literae
386 1062 477 1120 allatae
499 1063 615 1120 suntab
629 1061 668 1118 T.
682 1061 809 1119 Otacilio
829 1063 1008 1136 propatore,
1025 1069 1043 1096 ‘⁶
1053 1059 1133 1136 Reg-

169 1150 266 1198 “num
282 1141 419 1212 Hieronis
432 1140 524 1197 classe
538 1140 647 1198 Punics
662 1140 784 1197 vastaris
815 1139 863 1197 cui
880 1157 968 1229 quum
981 1155 1065 1213 opem
1080 1138 1132 1196 im-

169 1218 318 1294 “ploranti
332 1219 405 1276 serre
420 1218 514 1292 vellet,
529 1219 690 1276 nuntiatum
705 1218 759 1275 sibi
772 1235 845 1287 esse,
861 1217 945 1274 aliam
959 1217 1079 1274 classem
1094 1217 1130 1274 ad
1139 1231 1166 1270 m

169 1306 188 1334 ⁸⁸
198 1297 319 1374 AEgates
332 1297 440 1354 insulas
453 1307 537 1364 mare,
554 1307 681 1371 paratam
706 1298 948 1369 instructumquc3
980 1305 1020 1362 ut,
1036 1294 1085 1351 ubi
1099 1313 1131 1353 se

169 1383 308 1432 “versum
323 1375 509 1433 adtuendam
534 1375 749 1450 Syracusanum·
766 1391 845 1431 oram
867 1373 950 1431 Poeni
965 1373 1130 1446 sensissent,

169 1453 357 1528 “Lilybaeum
372 1452 514 1527 extemplo
533 1452 765 1528 provinciamque
789 1452 873 1510 aliam
898 1451 1061 1509 Muranum
1082 1467 1131 1526 ag·

169 1532 402 1608 “grederentur:
437 1529 531 1604 itaque
556 1530 647 1589 classe
669 1549 741 1608 opus
761 1549 835 1604 esse,
856 1530 880 1587 si
899 1547 997 1606 regem
1018 1528 1131 1595 socium

168 1609 383 1683 “Siciliamque
397 1608 470 1665 tueri
485 1608 616 1666 vellent.”
899 1645 901 1650 -
1019 1685 1023 1693 ἱ
1140 1621 1165 1661 15

207 1764 303 1822 LVII.
334 1764 439 1822 Literis
452 1766 578 1824 consulis
591 1766 824 1843 propraetorisqne
844 1765 936 1837 lectis,
959 1764 999 1822 M.
1014 1763 1131 1822 Claudi·

167 1863 226 1915 um,
241 1844 289 1918 qui
303 1843 388 1900 classi
402 1844 438 1900 ad
452 1843 566 1902 Ostiam
580 1847 665 1903 stanti
679 1855 824 1920 praeesset,
849 1843 1010 1902 Canusium
1032 1843 1068 1899 ad
1082 1858 1131 1899 ex·

167 1921 287 1979 ercitum
303 1922 483 1994 mittendum,
498 1924 738 1998 scribendumque
762 1923 882 1995 consuli,
904 1933 945 1989 ut,
959 1938 1046 1996 quum
1060 1939 1130 1995 prae·

166 2001 219 2058 tori
234 2003 391 2058 exercitum
406 2001 577 2074 tradidisset,
591 2002 682 2079 primo
702 2019 813 2078 quoque
836 2012 973 2076 tempore,
987 1999 1130 2074 quantum

166 2097 217 2154 per
245 2079 436 2136 commodum
456 2079 621 2155 reipublioae
645 2079 705 2137 fieri
726 2090 831 2155 posset,
858 2079 983 2137 Romam
1009 2077 1165 2136 veniretm

167 2155 275 2214 Territi
288 2157 375 2214 etiam
400 2175 484 2232 super
505 2168 599 2216 tantas
620 2158 727 2226 clades,
749 2175 837 2232 quum
851 2157 966 2215 caeteris
982 2156 1129 2232 prodigiis,

166 2245 227 2292 tum
247 2233 324 2308 qudd
350 2235 415 2290 duae
436 2235 568 2293 Vestales
588 2255 623 2294 eo
636 2253 722 2308 anno,
743 2235 860 2312 Opimia
880 2249 964 2310 etque
984 2229 1129 2308 Floronia,

167 2312 256 2386 stupri
277 2322 440 2386 comperte,
454 2323 484 2369 et
497 2313 585 2370 altera
598 2314 652 2370 sub
665 2315 750 2386 terrd,
775 2325 806 2371 ut
829 2333 890 2371 mos
903 2325 956 2381 est,
971 2314 1007 2370 ad
1021 2324 1131 2388 portam

166 2387 310 2445 Collinam
324 2399 427 2445 necata
440 2388 542 2458 fueret,
557 2391 645 2448 altera
659 2392 774 2456 sibimet
797 2392 859 2468 ipsa
879 2402 999 2449 mortem
1020 2391 1132 2452 consci-

163 2476 252 2522 ¹verat.
294 2465 327 2522 L.
349 2465 500 2538 Cantilius,
522 2467 616 2525 scriba
633 2470 776 2544 pontificis
801 2469 884 2546 (quos
905 2487 984 2526 nunc
1006 2469 1166 2544 minoressc

165 2543 317 2619 pontifices
330 2544 498 2640 appellant),
519 2547 650 2621 quicum
674 2547 808 2606 Floronia
824 2559 954 2623 stuprum
975 2547 1091 2622 fecerat,
1113 2565 1132 2604 a

166 2621 301 2696 pontifice
315 2623 440 2680 maximo
453 2642 489 2682 eo
511 2643 599 2700 usque
621 2625 707 2702 virgis
721 2625 751 2682 in
773 2626 888 2683 comitio
909 2636 1083 2696 caesuserat,
1099 2635 1132 2683 ut

166 2699 240 2757 inter
261 2700 379 2758 verbera
389 2701 556 2777 exspiraret.
598 2703 664 2761 Hoc
678 2702 759 2760 nefas
771 2721 859 2778 quum
874 2704 947 2760 inter
970 2714 1021 2770 tot,
1044 2714 1075 2760 ut
1089 2702 1130 2771 fit,

166 2777 264 2836 clades
285 2779 315 2835 in
339 2779 500 2854 prodigium
525 2779 637 2838 versum
661 2792 746 2853 esset,
768 2782 924 2840 decemviri
945 2782 1031 2839 libros
1052 2781 1131 2838 adire

163 2854 235 2932 jussi
250 2870 325 2914 sunt.
367 2857 405 2914 Et
417 2857 458 2918 Q.
473 2857 581 2916 Fabius
595 2860 691 2917 Pictor
705 2860 832 2936 Delphos
856 2861 891 2916 ad
903 2861 1052 2918 oraculum
1066 2859 1166 2918 mis-'ao

165 2952 215 2991 sus
228 2946 271 2992 est
286 2935 471 3006 sciscitatum,
486 2937 590 3010 quibus
602 2939 737 3012 precibus
760 2939 963 3014 suppliciisque
978 2937 1132 3014 Deospos·

166 3022 230 3070 sont
243 3013 367 3088 placare,
389 3024 418 3070 et
441 3033 572 3089 quaenam
597 3016 691 3074 futura
716 3017 780 3074 linis
800 3017 887 3074 tantis
905 3017 1037 3074 cladibus
1051 3015 1130 3073 soret.

166 3088 288 3147 Interim
308 3106 345 3148 ex
368 3091 500 3150 letalibus
524 3093 603 3151 libris
617 3095 758 3152 sacrificia
779 3095 884 3170 aliquot
908 3093 1133 3152 extraordinaria

167 3167 261 3236 ibcta3
288 3169 362 3226 inter
374 3189 438 3244 ques
452 3171 552 3229 Gallus
566 3183 595 3230 et
605 3173 698 3246 Galla,
709 3174 828 3231 Graecus
842 3185 871 3230 et
887 3174 999 3244 Graeca,
1014 3172 1043 3229 iu
1056 3171 1132 3230 Foro

121 3287 124 3292 .
166 3243 269 3302 Boario
282 3247 336 3302 sub
350 3249 422 3304 terra
437 3249 491 3306 vivi
505 3251 621 3308 demissi
635 3263 702 3308 sunt
717 3252 744 3308 iu
760 3252 854 3310 locum
869 3270 940 3308 saxo
951 3259 1130 3325 conseptum,
1140 3266 1167 3307 ³5

164 3323 223 3398 jam
238 3323 303 3381 ante
319 3325 418 3382 hostiis
431 3327 573 3401 humanis,
594 3330 711 3386 minim&
726 3331 860 3388 Romano
873 3349 965 3401 sacro,
980 3328 1131 3386 imbutum.

167 3401 290 3458 Placatis
304 3403 383 3476 satis,
398 3415 430 3461 ut
442 3407 586 3480 rebantur,
601 3407 681 3480 Deis,
703 3407 745 3464 M.
760 3408 899 3466 Claudius
920 3407 1077 3465 Marcellus
1094 3407 1132 3463 ab

166 3477 250 3536 osus
266 3481 342 3538 millo
357 3493 386 3540 et
398 3483 570 3558 quingentos
583 3485 697 3554 milites,
719 3505 791 3560 quos
814 3487 843 3544 in
868 3487 990 3544 classem
1011 3485 1132 3559 scriptos

167 3557 299 3630 habebat,
315 3559 450 3633 Romam,
464 3571 496 3618 ut
509 3563 571 3619 urbi
585 3565 717 3638 prae'sidio
727 3577 833 3634 essent,
848 3565 949 3634 mittit;
978 3565 1047 3639 ipse,
1062 3562 1132 3638 legi·

167 3653 222 3692 one
237 3637 336 3694 classis
361 3638 409 3714 (ea
422 3640 505 3696 tertia
518 3640 593 3715 legio
607 3645 680 3718 erat)
704 3661 769 3699 cum
792 3644 914 3700 tribunis
936 3643 1058 3699 militum
1073 3639 1167 3699 'Pe-sa

167 3730 255 3771 anum
271 3716 432 3774 Sidicinum
456 3718 609 3793 praemissd,
636 3721 727 3778 classe
753 3721 858 3778 traditis
881 3721 911 3778 Ρ.
938 3719 1026 3777 Furio
1050 3718 1133 3776 Philo

167 3790 296 3870 collega,
309 3813 416 3870 paucos
430 3790 566 3874 post'dies
585 3797 744 3856 Canusium
767 3799 880 3876 magnis
902 3798 1052 3856 itineribus
1064 3815 1133 3856 cou-
