2630 4228
451 340 556 390 LIBER
571 340 643 390 XXI.
659 354 721 390 css.
738 355 812 390 xavr.
1085 343 1143 404 lffl

221 477 331 538 XLVI.
366 479 453 556 Apud
479 481 627 538 Romanos
657 482 873 556 haudquaquam
904 490 984 540 tanta
1011 479 1143 540 alacritas

181 568 251 625 erat,
266 577 351 647 super
365 570 467 615 caetera
481 559 644 616 recentibus
664 561 748 617 etiam
764 561 874 617 territos
888 560 1043 650 prodigiis:
1074 579 1142 617 narn

180 646 210 693 et
223 636 307 710 lupus
328 636 480 693 intraverat
500 647 604 703 castra,
628 637 795 712 laniatisque
819 637 941 709 obviis,
934 656 994 712 rpse
1015 637 1142 694 intactus

180 724 328 782 evaserat3
362 723 523 770 eterramen
538 733 623 790 apum
647 715 677 772 in
702 715 801 772 arbore
825 716 954 791 pretorio
974 715 1142 772 imminente

158 792 358 849 sconsederat.
421 789 538 852 Quibus
568 792 734 868 procuratis,
767 793 874 869 Scipio,
913 812 980 850 cum
1014 793 1142 867 equitatu

177 869 437 945 jaculatoribusquc
451 870 589 943 expeditis
602 870 747 946 profectus
770 871 805 927 ad
830 882 924 930 castra
937 871 1069 941 hostium,
1091 889 1142 926 ex·

179 966 234 1022 que
248 947 404 1022 propinquo
418 948 523 1022 copias,
539 960 660 1022 quante,
674 959 704 1005 et
724 947 807 1024 cujus
826 950 940 1024 generis
953 959 1059 1016 essent,
1079 967 1142 1024 spe-

180 1025 327 1092 culandas,
341 1025 441 1082 obvius
454 1025 485 1082 lit
500 1025 666 1094 Hannibali,
690 1037 720 1082 et
741 1027 793 1102 ipsi
808 1047 874 1084 cum
888 1025 1031 1102 equitibus
1044 1027 1081 1084 ad
1095 1045 1143 1085 ex·

179 1103 315 1178 ploranda
328 1104 406 1160 circa
419 1103 483 1160 loca
495 1123 651 1179 progresso.
693 1104 796 1162 Neutri
810 1105 912 1162 alteros
932 1103 1023 1180 primb
1044 1123 1144 1162 cerne-

148 1181 268 1238 robant·
303 1181 416 1238 densior
437 1182 542 1240 deinde
569 1183 683 1240 incessu
713 1193 755 1240 tot
783 1183 929 1240 hominum
950 1201 1142 1258 equorumque

179 1259 276 1316 oriens
288 1259 414 1334 pulvis
392 1279 505 1336 sagnam
520 1261 769 1336 propinquantium
785 1261 907 1320 hostium
926 1261 986 1318 suit.
1029 1260 1143 1318 Consti·

179 1337 214 1394 tit
235 1347 383 1412 utrumque
405 1357 519 1412 agmen,
539 1349 569 1395 et
589 1339 713 1428 proelio
711 1358 773 1396 sese
793 1339 992 1414 expediebant.
1044 1339 1142 1413 Scipio
1235 1387 1237 1396 .

175 1413 347 1490 jaculatores
367 1430 396 1472 et
416 1417 512 1473 Gallos
532 1417 642 1491 equites
656 1417 686 1473 iu
700 1417 791 1474 sronte
805 1417 898 1486 locat3
927 1417 1085 1484 Romanos,
1099 1435 1144 1473 so·

179 1493 343 1584 ciorumque
364 1495 438 1569 quod
459 1495 566 1552 roboris
581 1495 667 1562 suits
660 1515 690 1552 ιιι
704 1495 846 1554 subsidiis.
888 1495 1035 1554 Hannibal
1050 1496 1143 1554 frena·
1176 1508 1184 1513 ·

148 1581 222 1629 astos
236 1574 345 1647 equites
359 1573 388 1629 in
403 1573 530 1629 medium
544 1573 658 1648 accipit,
673 1593 781 1631 cornua
794 1573 929 1631 Numidis
943 1574 1043 1632 firmat.
1072 1574 1143 1632 Vix·

178 1651 246 1708 dum
261 1651 384 1708 clamore
399 1651 517 1720 sublato,
530 1652 700 1726 jaculatores
723 1651 856 1727 fugerunt
871 1653 945 1710 inter
958 1653 1085 1710 subsidia
1105 1651 1142 1708 ad

178 1730 335 1786 secundam
349 1729 458 1785 aciem:
493 1730 560 1786 inde
574 1730 700 1804 equitum
724 1741 869 1788 certamen
888 1740 948 1788 erat
968 1731 1142 1806 aliquamdiu

178 1825 305 1881 anceps:
326 1807 392 1864 dein
397 1807 484 1882 ,quia
498 1807 650 1865 turbabant
664 1827 751 1882 equos
764 1810 874 1882 pedites
888 1809 1053 1881 intermixti,
1069 1811 1142 1867 mul·

179 1885 215 1942 tis
226 1885 387 1942 labentibus
401 1905 435 1942 ex
450 1887 538 1960 equis,
553 1896 601 1943 aut
615 1887 821 1958 desilientibus,
835 1887 884 1944 ubi
903 1905 970 1944 suos
984 1887 1073 1960 premi
1087 1887 1142 1946 cir-

143 1965 345 2021 socumventos
368 1963 547 2033 vidissent,¹
537 1983 596 2040 Jam
616 1966 726 2053 magud
746 1983 782 2020 ex
801 1975 880 2039 parte
895 1964 930 2020 ad
945 1965 1032 2040 pedes
1046 1983 1143 2042 pugna

177 2041 268 2109 ierat3
298 2041 391 2098 donec
409 2010 555 2121 Numidae,
576 2041 665 2116 quiin
688 2043 822 2102 cornibus
840 2052 932 2118 e,rant
954 2043 1140 2102 circumvecti

177 2110 335 2195 paululdm,
351 2120 387 2175 ab
407 2117 487 2195 tergo
508 2139 538 2176 se
552 2121 746 2178 ostenderunt.
781 2121 817 2176 ls
828 2139 913 2196 pavor
933 2121 1054 2195 perculit
1080 2121 1142 2180 Rc·

178 2216 279 2254 manos
281 2197 436 2272 ,auxitque
451 2217 583 2292 pavorem
596 2199 722 2256 consulis
738 2199 851 2265 vulnus,
865 2199 1106 2276 periculumque
1099 2219 1142 2257 rn-

177 2285 308 2333 tercursu
332 2287 391 2333 tum
416 2274 537 2350 primdm
564 2277 747 2352 pubescentis
768 2277 818 2334 filii
838 2276 1040 2352 propulsatum.
1082 2277 1142 2336 Hic

143 2345 232 2411 suerii
242 2354 364 2430 juvenis,
379 2373 468 2444 penes
481 2373 565 2444 quern
580 2355 698 2445 perlecti
714 2355 832 2432 hujusce
843 2355 909 2412 belli
924 2355 986 2411 laus
999 2365 1051 2428 est,
1065 2356 1142 2413 Afri-

177 2451 268 2489 canus
280 2433 317 2490 ob
331 2432 475 2508 egregiam
490 2433 636 2490 victoriam
650 2433 686 2490 de
701 2433 864 2492 Hannibale
883 2433 1034 2508 Poenisque
1049 2433 1143 2510 appel·

176 2509 258 2568 latus.
300 2509 384 2586 Fuga
403 2522 499 2570 tamen
521 2511 612 2568 eflusa
628 2511 816 2588 iaculatorum
838 2511 962 2570 maxime
985 2512 1047 2579 fuit,
1071 2531 1143 2598 quos

177 2589 283 2663 primos
297 2588 453 2646 Numidae
447 2600 620 2646 invaserunt.
663 2590 746 2648 Alius
760 2590 904 2647 consertus
917 2590 1060 2663 equitatus
1073 2609 1142 2647 con·

177 2666 289 2722 sulem'
283 2685 312 2723 m
327 2667 453 2727 medium
468 2678 628 2743 accepturu,
640 2687 698 2725 non
710 2668 795 2724 armis
809 2667 902 2739 modd,
916 2667 967 2724 sed
980 2667 1066 2724 etiam
1080 2685 1142 2725 cor·

142 2744 293 2820 soporibus
312 2745 381 2817 suis,
403 2755 566 2820 protegens,
591 2745 620 2802 iu
639 2757 741 2818 castra,
763 2765 900 2820 nusquam
916 2745 1025 2819 trepide
1048 2764 1141 2819 neque

177 2822 268 2881 effuse
283 2824 423 2890 cedendo,
438 2823 558 2880 r'eduxit.
601 2823 711 2880 Servati
724 2823 850 2881 consulis
869 2823 959 2880 decus
972 2822 1082 2880 Coelius
1105 2822 1141 2880 ad

177 2919 289 2958 servum
312 2902 428 2960 natione
449 2901 584 2976 Ligurem
606 2903 734 2977 delegat:
763 2901 859 2958 malim
879 2901 1012 2976 equidem
1033 2901 1069 2957 de
1083 2900 1142 2958 filio

176 2997 274 3037 rerum
288 2998 350 3036 esse
353 2980 449 3064 ,quod
463 2989 492 3036 et
511 2979 607 3056 plures
630 2981 771 3038 tradidere
793 2991 933 3052 auctores,
957 2989 986 3038 et
1003 2978 1141 3038 famaob·
1215 3026 1216 3029 ,

176 3055 270 3116 tinuit.
