2630 4228
527 350 637 402 LIBER·
649 350 800 402 vaccar..
1090 352 1148 416 129

220 491 334 552 XLIX.
356 491 415 550 Sed
429 490 534 566 Diique
548 504 577 550 et
597 492 728 550 homines
740 488 912 566 prohibuere
925 489 1086 566 redemptos
1108 493 1148 549 vi·

181 589 246 642 vere
267 572 435 638 Romanoe;
470 588 536 626 nam
562 570 632 627 sorte
653 570 792 644 quddam,
807 569 889 643 pride
914 569 1002 643 quam
1029 567 1149 626 infanda

181 667 293 706 merces
313 647 506 724 perficeretur,
529 666 580 722 per
600 647 814 706 altercationem
832 646 960 703 nondum
979 646 1057 704 omni
1079 665 1148 704 auro

181 743 317 801 appenso,
339 726 459 783 dictator
480 725 649 795 intervenit;
684 724 845 797 auferrique
865 743 964 780 aurum
985 725 1022 781 de
1043 724 1148 792 medio,

158 815 210 861 cet
235 804 333 862 Gallos
359 802 520 860 submoveri
545 803 635 878 jubet.
688 801 791 862 Quum
812 801 853 858 illi
875 801 1031 859 renitentes
1051 812 1149 876 pactos

180 882 311 938 dicerent
331 899 404 952 cese,
419 891 505 955 negat
524 899 588 936 eam
609 879 771 954 pactionem
792 889 881 937 ratam
895 897 969 952 essa,
989 897 1061 954 quae,
1076 889 1150 954 post-

180 976 265 1032 quam
289 958 348 1034 ipse
375 959 496 1016 dictator
519 968 633 1016 creatus
646 968 731 1024 esset,
747 957 857 1032 injussu
878 975 931 1014 suo
951 959 988 1014 ab
1008 957 1150 1014 inferioris

178 1035 251 1112 juris
264 1036 430 1112 magistratu
445 1036 520 1094 faeta
533 1046 628 1092 esset:
660 1035 866 1109 denuntiatque
890 1035 991 1102 Gallis,
1016 1045 1048 1091 ut
1061 1053 1092 1091 ae
1114 1035 1150 1092 ad

181 1114 313 1188 proelium
334 1113 497 1188 expediant.
539 1115 614 1171 Suos
634 1113 664 1172 in
686 1130 820 1170 acervum
841 1112 985 1188 conjicere
1012 1112 1150 1184 sarcinas,

148 1209 174 1248 ro
182 1203 212 1248 et
235 1209 314 1248 arma
327 1202 433 1265 aptare,
456 1187 594 1264 ferroque,
617 1209 675 1248 non
692 1209 771 1261 auro,
785 1209 955 1264 recuperare
968 1190 1088 1265 patriam
1106 1181 1151 1265 ju·

182 1270 240 1335 bet,
256 1269 285 1326 in
300 1280 455 1342 conspectu
478 1268 617 1326 habentes
631 1267 698 1324 sana
710 1267 819 1336 -Dedm‚
834 1278 863 1324 et
876 1268 1024 1344 conjuges,
1038 1279 1067 1324 et
1080 1267 1150 1324 libe·

181 1365 238 1413 ros,
262 1358 291 1404 et
304 1346 395 1403 solum
416 1345 515 1420 patriae
528 1345 655 1402 deforme
670 1345 737 1401 belli
751 1344 843 1411 malis,
857 1356 886 1401 et
899 1345 1005 1412 omnia,
1019 1363 1082 1419 quae
1102 1346 1152 1402 de-

182 1424 261 1488 fendi
275 1424 421 1498 repetique
434 1435 463 1480 et
477 1423 578 1480 ulcisci
592 1422 635 1479 sas
649 1423 693 1480 sit.
736 1419 856 1479 Instruit
873 1422 978 1480 deinde
1003 1423 1103 1494 aciem,
1119 1434 1151 1480 ut

181 1501 237 1559 loci
252 1512 354 1558 natura
368 1501 537 1576 patiebatur,
558 1500 589 1557 in
611 1501 754 1557 semirutae
770 1499 830 1558 solo
843 1500 933 1566 urbis,
948 1510 978 1556 et
992 1501 1094 1557 naturd
1109 1501 1151 1557 in-

149 1597 175 1636 ra
182 1580 275 1654 equali
288 1599 295 1648 ;
317 1590 346 1636 et
358 1579 465 1650 omnia,
480 1597 543 1652 quae
557 1589 617 1635 arte
631 1578 698 1634 belli
712 1578 841 1634 secunda
854 1578 915 1634 auis
930 1577 997 1654 eligi
1012 1597 1151 1653 praepara·

183 1659 242 1714 rive
256 1667 397 1732 poterant,
411 1656 541 1732 providit
570 1655 655 1726 Galli,
670 1655 745 1713 novi
759 1674 790 1712 re
803 1655 917 1730 trepidi,
932 1673 1010 1712 arma
1020 1655 1149 1731 capiunt,

183 1735 281 1810 irique
296 1735 396 1810 magis,
410 1733 496 1809 qudm
516 1733 645 1806 consilio,
669 1733 699 1790 in
721 1733 870 1790 Romanos
883 1733 1041 1792 incurrunt.
1084 1733 1150 1791 Jam

184 1824 306 1870 verterat
319 1813 442 1880 fortuna,
454 1813 518 1888 jam¹
528 1812 655 1871 Deorum
678 1831 747 1886 opes
761 1812 942 1885 humanaque
955 1811 1076 1868 consilia
1090 1829 1150 1868 rem

184 1890 348 1952 Romanam
363 1891 544 1966 adjuvabant.
586 1889 677 1965 Igitur
692 1889 783 1964 primo
795 1907 940 1946 concursu
953 1889 1029 1945 haud
1044 1889 1150 1964 majore

148 1979 328 2026 atmomento
342 1967 398 2026 susi
412 1967 488 2025 Galli
512 1978 587 2034 sunt,
611 1966 696 2042 quam
716 1967 752 2022 ad
766 1966 872 2023 Alliam
887 1965 1022 2024 vicerant.
1045 1965 1151 2022 'lusti-

182 2065 233 2104 ore
247 2047 336 2103 altero
354 2045 459 2102 deinde
476 2045 574 2120 proelio
597 2045 633 2101 ad
656 2054 789 2103 octavum
813 2043 936 2118 lapidem
959 2043 1073 2100 Gabina
1094 2043 1149 2111 vit,

88 2175 92 2181 .
183 2122 239 2198 qud
253 2143 284 2180 se
297 2142 335 2180 ex
349 2123 415 2198 suge
429 2121 619 2191 contulerant,
633 2122 761 2198 ejusdem
785 2122 875 2178 ductu
898 2121 1080 2196 auspicioque
1095 2119 1152 2177 Ca·

184 2201 256 2258 milli
272 2201 433 2258 vincuntur.
474 2201 520 2258 Ibi
536 2201 632 2258 caedes
644 2199 742 2258 omnia
755 2199 898 2257 obtinuit:
927 2209 1020 2256 castra
1033 2198 1152 2274 capiun-

123 2287 126 2293 ‘
183 2289 239 2349 tur,
254 2289 283 2335 et
295 2297 332 2336 ne
346 2279 464 2336 nuntius
479 2279 595 2353 quidem
609 2278 700 2335 cladis
713 2277 838 2335 relictus.
879 2276 1018 2348 Dictator,
1033 2295 1152 2352 recupe-

148 2357 245 2413 ae'ratd
260 2375 296 2412 cx
310 2357 438 2414 hostibus
451 2357 552 2430 patria,
566 2355 746 2430 triumphans
767 2357 796 2414 in
810 2355 919 2412 Urbem
942 2355 1033 2424 redit;
1065 2355 1152 2413 inter·

183 2453 239 2508 que
260 2434 342 2509 jocos
365 2426 511 2500 militares,
532 2453 603 2508 ques
624 2434 786 2492 inconditos
806 2433 929 2509 jaciunt,
953 2433 1097 2490 Romulus
1117 2451 1152 2491 ac
1175 2469 1176 2472 =

183 2529 287 2586 parens
300 2511 408 2586 patriae,
422 2512 609 2585 conditorque
623 2511 693 2568 alter
714 2511 802 2583 urbis,
825 2511 900 2568 haud
925 2511 1005 2567 vanis
1018 2511 1152 2568 laudibus

184 2589 350 2664 appellatur.
393 2590 541 2646 Servatam
554 2589 660 2646 deinde
682 2589 756 2646 bello
768 2589 889 2664 patriam
913 2589 1015 2645 iterum
1034 2589 1064 2646 in
1079 2607 1151 2664 pace

184 2665 262 2722 haud
277 2666 363 2722 dubie
377 2667 508 2734 servavit,
529 2685 617 2741 quum
638 2665 784 2742 prohibuit
804 2665 920 2741 migrari
934 2665 1031 2739 Vejos,
1055 2677 1085 2722 et
1104 2666 1153 2722 tri-

149 2757 176 2798 ac
185 2743 270 2800 bunis
282 2763 342 2800 rem
357 2743 494 2801 intentids
507 2745 659 2820 agentibus
683 2756 747 2818 post
766 2743 915 2801 incensam
929 2742 1047 2814 Urbem,
1061 2752 1090 2798 et
1103 2759 1153 2816 per

184 2840 215 2878 ae
230 2822 371 2879 inclinata
382 2823 474 2898 magis
487 2822 571 2898 plebe
585 2823 621 2879 ad
644 2822 673 2878 id
687 2821 839 2878 eonsilium
852 2839 859 2877 2
887 2838 977 2894 eaque
991 2838 1079 2878 causa
1100 2819 1154 2876 fuit

184 2917 241 2957 non
257 2900 426 2956 abdicandae
442 2910 504 2974 post
527 2900 700 2974 triumphurn
714 2899 874 2970 dictatore,
887 2909 989 2972 senatu
1002 2897 1154 2955 obsecran-

184 2986 223 3050 te,
237 2996 274 3034 ne
288 2977 495 3053 rempublicam
509 2978 540 3034 in
555 2977 665 3034 incerte
678 2975 850 3052 relinqueret
859 2986 947 3055 ¹statu.

224 3131 258 3189 L.
292 3131 432 3190 Omnium
452 3133 587 3208 primum,
597 3142 634 3189 ut
646 3142 708 3190 erat
727 3131 963 3206 diligentissimus
983 3130 1154 3206 religionum
1210 3158 1214 3164 ·
1308 3165 1309 3170 1

149 3211 286 3276 aecultor,
308 3229 372 3285 quaa
400 3211 436 3266 ad
466 3211 543 3268 Deos
567 3210 742 3267 immortales
762 3209 953 3284 pertinebant,
974 3209 1091 3278 retulit,
1125 3219 1155 3265 et

184 3289 473 3356 seembs-consultum
488 3289 566 3355 lacit,
590 3297 609 3324 ‘⁸
622 3286 704 3344 Fana
716 3286 822 3354 omnia,
844 3285 919 3360 quaid
940 3305 976 3344 ea
989 3286 1078 3343 hostis
1091 3305 1155 3360 poa·

185 3375 205 3402 ⁴⁴
215 3365 345 3437 sedisset,
357 3367 585 3432 restituerentur,
598 3365 827 3435 terminarentur,
839 3365 1085 3440 expiarenturque,
1104 3381 1154 3420 ex-

186 3451 205 3480 ‘⁴
214 3443 357 3518 piatioque
372 3461 471 3500 eorum
486 3444 516 3500 in
530 3443 610 3500 libris
623 3462 674 3518 per
688 3441 852 3500 duumviros
865 3453 1054 3518 quereretur:
1072 3457 1153 3498 *oum

186 3529 205 3558 ‘⁴
215 3520 376 3578 Caeretibus
390 3521 543 3596 hospitium
558 3519 674 3596 publice
695 3520 785 3588 fieret,
800 3507 876 3595 qu'dd
890 3539 972 3577 sacra
984 3519 1081 3595 populi
1095 3519 1155 3576 Ro·

149 3614 176 3656 aa
186 3606 205 3634 ‘⁶
214 3599 292 3654 mani
302 3617 336 3655 ac
346 3600 510 3656 sacerdotes
518 3599 703 3674 recepissent,
710 3599 906 3672 beneficioque
916 3598 978 3674 ejus
988 3597 1085 3672 populi
1097 3613 1155 3652 non

186 3684 205 3712 ‘⁸
215 3675 395 3733 intermissus
409 3678 500 3735 honos
522 3677 616 3734 Derim
631 3677 831 3734 immortalium
842 3686 933 3732 esset:
966 3675 1026 3732 ludi
1042 3672 1157 3747 Capito⁶

186 3752 271 3812 “lini
279 3754 391 3824 fierent,
416 3755 494 3830 qudd
518 3755 630 3832 Jupiter
644 3755 779 3832 Optimus
793 3753 939 3812 Maximus
952 3771 1033 3811 auam
1046 3751 1155 3820 sedem,
