2632 4224
554 356 659 407 LIBER
674 355 695 406 1.
715 369 777 404 cnr.
789 369 846 428 xer.
1138 355 1177 414 39

212 505 307 564 vidam
322 503 382 560 viro
394 499 489 559 occiso
502 517 589 564 uxore
622 541 629 564 ,
643 517 730 574 quum
745 498 817 554 inter
838 497 960 573 reliquas
972 497 1098 573 captivas
1111 513 1178 574 cog·

211 587 276 643 nita
289 519 761 717 esfflbilitatem
782 577 818 632 ab
838 577 938 652 regine
960 576 1095 634 Romani
1115 595 1178 648 pre-

215 663 307 720 bibita
402 653 441 714 nt
455 657 568 716 servitio
581 667 692 731 partum
713 655 817 712 Romae
837 655 971 721 edidisse,
993 654 1082 710 Prisci
1105 653 1179 710 Tar·

215 740 306 816 quinii
319 739 410 796 domo.
452 735 525 793 Inde
539 746 620 792 tanto
631 733 772 790 beneficio
795 747 824 790 et
837 733 910 790 inter
925 732 1057 789 mulieres
1078 731 1179 790 famili·

194 819 343 876 saritatem
357 827 482 882 auctam,
503 825 533 870 et
555 829 685 888 puerum,
711 822 741 869 ut
756 811 785 868 in
799 813 884 868 domo
895 830 912 868 a
925 819 1011 886 parve
1030 811 1178 882 eductum,

215 897 245 954 in
266 895 382 954 caritate
410 905 494 968 atque
523 893 628 949 honore
660 891 763 947 fuisse:
798 889 939 946 fortunam
967 887 1074 956 matris,
1102 888 1179 962 qudd

157 1044 160 1049 ,
214 976 298 1050 oaptb
312 973 403 1049 patrib
417 973 446 1028 in
461 971 583 1037 hostium
606 988 707 1026 manus
727 969 846 1041 venerit,
868 979 899 1024 ut.
912 967 993 1025 serva
1014 978 1098 1024 natus
1119 985 1181 1024 ere·

215 1053 339 1120 deretur,
354 1051 465 1108 fecisse.

5 781 12 826 l

247 1208 323 1265 XL.
364 1205 682 1281 Duodequadragesimc
709 1203 798 1261 serme
819 1223 905 1271 anno,
926 1221 1038 1278 exque
1060 1221 1180 1279 regnare

184 1297 343 1360 rocoeperat
364 1284 544 1359 Tarquinius,
560 1303 618 1347 non
632 1283 707 1358 apud
731 1301 828 1358 regem
849 1281 945 1348 mode,
960 1282 1010 1338 sed
1031 1283 1106 1356 apud
1129 1281 1182 1338 Pa·

216 1375 274 1421 tres
286 1364 464 1438 plebemque,
477 1361 563 1438 longe
586 1363 710 1418 maximo
731 1363 837 1418 honore
853 1361 969 1417 Servius
982 1359 1097 1416 Tullius
1110 1369 1180 1417 erat.

215 1442 294 1500 Tum
321 1443 398 1498 Anci
426 1441 475 1498 filii
496 1442 553 1498 duo
573 1441 626 1497 etsi
655 1451 740 1496 antea
767 1458 877 1516 semper
904 1457 955 1514 pro
982 1437 1182 1514 indignissimo

137 1569 160 1600 „x
215 1513 381 1591 h'abuerant,
396 1539 426 1577 se
440 1519 530 1594 patrio
544 1537 633 1594 regno
647 1519 746 1576 tutoris
761 1518 859 1574 fraude
873 1518 976 1594 pulsos,
989 1536 1109 1593 regnare
1121 1517 1182 1574 Ro·

140 1661 148 1684 χ
215 1619 269 1656 mae
283 1600 432 1666 advenam,
446 1617 505 1655 non
521 1597 605 1654 modb
619 1597 730 1669 civice,
752 1598 802 1654 sed
816 1616 853 1654 ne
869 1595 976 1653 ltalicae
989 1597 1106 1671 quidem
1120 1596 1182 1652 stir-

145 1678 168 1758 ζ’
184 1678 274 1752 rspis3
295 1689 355 1734 turn
369 1677 526 1752 impensids
540 1677 583 1732 bis
595 1675 750 1752 indignitas
762 1695 902 1742 erescere,
917 1675 941 1732 si
956 1695 992 1732 ne
1007 1675 1042 1731 ab
1057 1674 1181 1749 Tarqui·

137 1747 170 1828 ,sd
217 1756 274 1812 iuio
286 1757 400 1830 quidem
415 1756 451 1812 ad
466 1775 496 1811 se
510 1755 614 1816 rediret
628 1773 758 1830 regnum,
769 1755 819 1810 sed
833 1772 959 1830 praeceps
974 1754 1041 1810 inde
1055 1751 1181 1830 porroad

128 1889 159 1926 e
216 1835 327 1913 ser-titia
341 1835 476 1898 caderct;
498 1829 571 1889 utin
586 1833 688 1890 eadem
702 1833 825 1904 civitate,
840 1843 902 1908 post
916 1829 1106 1890 centesimum
1121 1829 1181 1889 ferd

215 1913 431 1988 ennumquam
448 1911 598 1982 Romulus,
620 1911 683 1968 Deo
696 1922 861 1988 prognatus,
878 1911 957 1968 Deus
971 1912 1041 1986 ipse,
1056 1911 1183 1967 tenuerit

88 2033 93 2042 .
183 2045 189 2054 ,
215 2009 345 2065 regnum,
361 1991 454 2048 donec
467 1989 497 2046 in
512 1990 594 2055 terris
608 1989 702 2061 fuerit,
717 1990 745 2046 id
760 2009 858 2046 servus
871 1992 949 2046 serva
965 1989 1183 2064 natusposside-

165 2125 169 2130 ,
177 2091 206 2134 2⁰
215 2084 260 2124 at:
282 2079 343 2124 tum
355 2087 508 2124 commune
523 2067 648 2125 Romani
663 2067 797 2134 nominis,
809 2079 870 2124 tum
884 2067 1027 2143 praecipue
1039 2068 1067 2124 id
1077 2065 1182 2125 domus

103 2157 139 2244 Q
184 2138 286 2210 bene,
301 2135 428 2200 dede‘eus
442 2145 556 2213 fore,·si,
569 2145 645 2200 Auci
655 2147 729 2220 regis
745 2147 815 2202 virili
827 2147 913 2220 stirpe
924 2145 1011 2218 salvi,
1027 2165 1084 2202 nun
1097 2145 1183 2204 modb

24 2293 30 2301 .
127 2255 134 2291 ;
216 2223 347 2294 advenis,
362 2223 411 2278 sed
426 2221 512 2278 servis
526 2222 619 2291 etiam,
635 2241 755 2298 regnum
770 2224 1003 2299 Romaepateret.
1029 2223 1184 2301 Ferroigi·

118 2312 136 2358 J
215 2312 262 2358 tur
276 2319 338 2356 eam
354 2319 451 2357 arcere
465 2301 666 2358 contumeliam
681 2311 817 2358 statuunt.
860 2303 917 2359 Sed
932 2314 960 2360 et
974 2302 1086 2379 injuriae
1104 2305 1183 2362 dolor

113 2393 139 2464 ej)
215 2379 246 2436 in
261 2377 449 2452 Tarquinium
466 2378 556 2452 ipsum
572 2380 673 2455 magis,
688 2380 772 2454 quim
793 2381 821 2437 in
836 2381 978 2447 Servium,
995 2401 1044 2438 eos
1058 2382 1182 2440 stimula-

72 2473 140 2542 χώ
180 2457 283 2520 nbat:
304 2468 333 2514 et
346 2457 413 2532 quia
425 2456 536 2532 gravior
560 2457 632 2515 ultor
653 2459 749 2528 cadis,
772 2457 795 2515 s'i
818 2471 988 2534 superesset,
1007 2480 1057 2516 rer
1071 2461 1183 2518 futurus
1251 2505 1260 2524 ,

112 2525 139 2567 ‘⁸²
216 2546 285 2602 erat,
306 2537 390 2609 qudm
417 2535 565 2610 privatus:
606 2542 678 2608 turn,
714 2538 812 2594 servio
837 2538 945 2606 occiso,
973 2557 1182 2613 quemeumque

70 2661 97 2684 k
125 2629 150 2696 52
216 2613 303 2677 alium
324 2633 460 2688 generum
489 2609 666 2689 delegisset„
684 2617 817 2672 eumdem
843 2615 924 2690 regni
953 2616 1096 2674 haeredem
1125 2617 1183 2674 sac·

122 2704 148 2780 q
217 2701 297 2747 turus
311 2692 467 2748 ridebatur·
488 2692 556 2765 ,Ob
578 2695 640 2749 haec
661 2693 713 2768 ipsi
739 2694 798 2770 regi
821 2693 932 2753 insidiae
953 2708 1094 2770 parantur.
1137 2695 1182 2754 Ex

215 2770 375 2843 pastoribus
397 2771 453 2827 duo
490 2771 647 2828 erucissimi
662 2771 765 2828 delecti
787 2773 823 2828 ad
847 2772 969 2840 lacibus,
991 2773 1095 2848 quibus
1116 2793 1183 2832 cen·

5 2851 11 2904 l
184 2848 288 2908 asueti
302 2860 383 2906 erant
403 2860 520 2924 uterque
542 2849 701 2925 agrestibus
724 2850 912 2922 ferramentis
936 2850 966 2908 in
989 2853 1127 2910 vestibulo
1141 2873 1183 2909 re-

218 2925 278 2999 gie,
293 2927 377 3002 quam
392 2929 508 3002 potuere
521 2927 786 2993 tumultuosissime,
801 2928 896 3004 specie
911 2927 978 2986 rixae
993 2930 1022 2986 in
1037 2949 1067 2986 se
1081 2950 1182 2988 omnes

218 3007 387 3078 apparitores
401 3006 494 3080 regios
508 3017 694 3076 convertunt3
725 3007 801 3077 inde,
823 3026 911 3081 quum
925 3008 1008 3066 ambo
1022 3027 1119 3084 regem
1134 3029 1182 3084 ap-
1268 3047 1274 3056 -

215 3081 361 3156 pellerent,
376 3084 538 3158 clamorque
560 3103 657 3142 eorum
678 3086 792 3159 penitus
815 3086 843 3142 in
864 3086 975 3160 regiam
997 3089 1181 3162 pervenisset,
1265 3131 1267 3139 ,

215 3163 307 3217 vocati
322 3163 357 3218 ad
370 3181 469 3238 regem
483 3175 614 3238 pergunt.
658 3161 753 3220 Primd
776 3173 893 3237 uterque
909 3165 1064 3238 vociferari,
1079 3178 1109 3245 qt
1122 3187 1183 3225 cer·
1236 3177 1239 3182 '

182 3237 298 3324 estatim
311 3241 378 3296 alter
392 3241 472 3298 alteri
487 3242 660 3316 obstrepere,
684 3240 801 3298 coerciti
825 3243 861 3298 ab
882 3241 994 3318 lictore,
1015 3257 1044 3302 et
1065 3245 1136 3322 ju'ssi
1152 3247 1181 3304 in

218 3331 310 3371 vicem
324 3316 427 3392 dicere,
441 3320 558 3386 tandem
571 3319 684 3393 obloqui
695 3318 845 3378 desistunt.
888 3320 969 3380 Unus
982 3342 1043 3380 rem
1056 3343 1092 3380 ex
1106 3343 1182 3382 com-

215 3391 309 3467 posito
321 3395 435 3470 orditur.
476 3397 578 3464 Quum
593 3397 763 3456 intentusin
777 3419 845 3456 eum
866 3419 897 3456 se
921 3420 971 3458 rex
984 3411 1061 3459 totus
1074 3415 1182 3462 averte·

215 3481 268 3540 ret,
283 3473 352 3530 alter
366 3475 469 3532 elatam
484 3475 608 3532 securim
623 3475 651 3532 in
667 3487 753 3552 caput
766 3478 888 3554 dejecit:
909 3480 1064 3560 relictoque
1079 3482 1109 3538 in
1123 3467 1230 3562 vul-*tx

215 3567 283 3612 uere
297 3552 361 3623 telo,
376 3555 461 3612 ambo
474 3573 504 3610 se
519 3553 593 3611 seras
606 3554 734 3630 ejiciunt.
762 3569 774 3596 ⁹
1179 3589 1181 3594 ·

181 3727 207 3768 so
254 3707 335 3770 XLI.
365 3710 555 3786 Tarquinium
577 3712 779 3770 moribundum
800 3733 897 3788 quum,
919 3714 967 3788 qui
988 3716 1066 3772 cirea
1089 3727 1180 3787 erant,

215 3787 405 3868 excepissent,
430 3789 492 3847 illos
513 3791 655 3867 fugientes
677 3788 793 3848 lictores
816 3791 1071 3868 comprehendunt.
1115 3793 1181 3852 Cla·
