2630 4228
494 349 600 402 LIBER
615 351 647 401 V.
673 365 841 403 duamur.
1105 355 1163 414 116

195 489 257 568 ejus
276 492 478 550 verecundiam
511 513 569 551 non
596 495 661 552 tulit
681 505 807 566 senatus,
827 493 896 568 quin
917 489 979 550 alne
1001 492 1081 550 mord
1103 496 1159 553 voti

194 569 378 629 liberaretur:
410 583 604 646 crateramque
618 591 733 630 auream
756 573 863 629 donum
886 571 1013 646 Apollini
1034 571 1162 647 Delphos

194 647 280 723 legati
295 649 343 723 qui
358 649 473 722 ferrent,
495 650 528 706 L.
542 651 682 720 Valerius,
698 651 731 707 L.
747 650 873 726 Sergius,
889 650 926 706 A.
943 648 1080 720 Manlius,
1096 650 1162 706 mis-

195 726 219 781 si
234 726 317 801 longa
331 730 388 783 una
402 747 484 800 nave,
506 729 581 786 baud
595 729 693 803 procul
715 728 786 785 freto
807 727 907 784 Siculo
927 746 944 783 a
964 727 1062 802 piratis
1076 727 1162 802 Lipa-

173 805 321 860 ⁵rensium
343 806 466 880 excepti,
490 807 669 864 devehuntur
690 806 817 880 Liparas.
859 805 926 862 Mos
946 816 1007 862 erat
1026 805 1160 877 civitatis,

184 882 272 938 ‘velut
297 883 413 957 publico
438 884 588 942 latrocinio
607 895 716 960 partam
736 885 862 959 praedam
890 882 1027 940 dividere.
1075 883 1161 941 Forte

195 977 230 1016 eo
263 979 339 1017 auno
372 961 401 1018 in
436 981 547 1018 summo
581 964 747 1038 magistratu
780 972 842 1018 erat
875 960 1072 1017 Timasitheus
1101 961 1162 1036 qui·
1223 993 1227 1000 ·

195 1037 271 1110 dam,
303 1038 443 1096 Romanis
470 1037 512 1096 'vir
542 1040 659 1097 similior
686 1038 771 1115 quam
799 1039 881 1108 suis3
913 1038 972 1114 qui,
1003 1037 1161 1114 legatorum
1255 1081 1263 1100 .

195 1134 311 1189 nomen,
342 1117 519 1192 donumque,
552 1128 582 1174 et
615 1118 719 1188 Deum,
754 1118 802 1174 oui
830 1117 998 1184 mitteretur,
1032 1127 1062 1173 et
1092 1117 1160 1174 doni

162 1207 186 1247 10
196 1211 321 1266 oausam,
349 1196 455 1252 veritus
482 1196 552 1270 ipse,
580 1196 791 1253 multitudinem
818 1213 929 1270 quoque
950 1193 1029 1268 (quae
1048 1213 1162 1270 semper

196 1271 284 1332 lerme
298 1273 407 1348 regenti
428 1285 473 1330 est
486 1273 600 1352 similis)
623 1274 770 1349 religionis
780 1273 863 1349 justae
882 1272 1025 1347 implerit:
1054 1273 1162 1330 adduo-

195 1359 293 1424 tosque
307 1351 336 1406 in
351 1351 497 1425 publicum
508 1351 672 1426 ‘hospitium
697 1352 815 1427 legatos,
837 1369 904 1407 cum
927 1350 1058 1424 prasidio
1071 1350 1160 1408 etiam

192 1429 308 1486 navium
323 1427 450 1504 Delphos
463 1441 639 1504 prosecutus,
659 1429 783 1486 Romam
805 1429 873 1486 inde
894 1427 1014 1503 sospites
1027 1428 1160 1486 restituit.

195 1504 358 1580 Hospitium
379 1525 447 1564 oum
467 1526 503 1564 eo
529 1506 790 1565 senatbsconsulto
817 1517 862 1564 est
889 1505 1008 1573 factum,
1029 1506 1160 1582 donaque

162 1584 307 1659 republica}
321 1585 397 1642 data.
438 1625 565 1642 .....

160 1751 187 1783 7
234 1740 368 1799 XXXII.
398 1783 418 1804 ,.
440 1785 447 1800 .
469 1785 476 1799 .
498 1785 506 1800 .
528 1786 535 1801 .
557 1743 599 1800 Μ.
614 1743 759 1801 Cedioius
772 1744 809 1801 de
819 1743 902 1819 plebe
917 1741 1058 1800 nuntiavit
1070 1742 1159 1800 tribu·

161 1785 181 1881 g
195 1819 249 1889 nis,
264 1839 294 1876 se
308 1821 338 1877 in
352 1821 427 1878 nord
441 1821 495 1890 via,
509 1821 558 1878 ubi
573 1841 652 1878 nuno
666 1821 802 1878 sacellum
817 1833 869 1892 est,
884 1839 969 1896 supra
982 1822 1073 1878 aedem
1089 1821 1162 1878 Vas·

167 1887 242 1971 sstae,
263 1917 361 1955 vocem
384 1900 477 1956 noctis
500 1900 613 1957 silentio
633 1900 746 1956 audtsse
768 1899 916 1956 clariorem
939 1899 1072 1968 humant,
1097 1915 1160 1972 qua

175 1976 406 2051 ¹magistratibus
431 1978 490 2034 dici
514 1978 637 2053 juberet,
664 1977 762 2034 Gallos
786 1977 948 2033 adventare.
990 1975 1025 2032 ld
1047 1974 1093 2051 (ut
1113 1975 1158 2053 lit)

161 2036 308 2134 {propter
331 2055 456 2112 auctoris
483 2056 670 2113 humilitatem
693 2065 827 2130 spretum,
850 2065 880 2110 et
899 2049 975 2128 qudd
995 2053 1160 2129 longinqua,

167 2131 286 2206 ‘seoque
300 2133 431 2206 ignotior,
452 2152 525 2208 gens
545 2145 615 2191 erat.
657 2133 760 2207 Neque
789 2132 916 2190 Deorum
937 2131 1022 2189 modd
1043 2132 1161 2203 monita,

161 2197 347 2285 &ingruente
362 2209 435 2282 lato,
455 2222 569 2286 spreta3
601 2211 652 2268 sed
676 2211 831 2268 humanam
853 2227 964 2284 quoque
982 2227 1075 2284 opem,
1097 2227 1160 2283 qua

196 2305 254 2343 una
267 2298 336 2357 erat,
352 2286 393 2345 M.
408 2284 527 2346 Furium
542 2290 578 2346 ab
591 2290 669 2346 Urbe
692 2287 841 2346 amordre:
875 2287 933 2361 qui,
957 2287 1004 2344 die
1025 2287 1104 2344 dicad
1124 2287 1161 2343 ab

196 2364 229 2420 L.
245 2365 386 2441 Appulejo
406 2367 521 2424 tribuno
547 2367 639 2442 plebis
658 2379 771 2442 propter
801 2365 926 2441 praedam
958 2365 1159 2440 Vejentanam,

160 2443 254 2500 srfilio
273 2462 384 2517 quoque
405 2441 586 2502 adolescente
601 2463 651 2520 per
678 2445 755 2501 idem
779 2459 891 2519 tempus
917 2443 1042 2515 orbatus,
1063 2461 1161 2517 quum,

195 2521 296 2588 accitis
316 2522 432 2578 domum
447 2522 598 2579 tribulibus
615 2522 824 2597 clientibusque
846 2521 966 2598 (magna
985 2540 1050 2596 pars
1070 2521 1162 2596 plebis

195 2601 281 2677 erat),
292 2610 474 2674 percontatus
485 2601 596 2658 animos
606 2619 715 2670 eorum,
726 2617 894 2674 responsum
901 2599 1023 2668 tulisset,
1036 2608 1055 2634 ‘⁴
1064 2617 1096 2655 se
1105 2598 1162 2655 ool·

197 2677 339 2749 “laturos,
353 2677 451 2750 quanti
465 2679 616 2735 damnatus
629 2689 714 2747 esset,
728 2677 874 2734 absolvere
888 2695 954 2732 eum
975 2694 1033 2732 non
1048 2676 1160 2750 posse,”

196 2754 225 2811 in
240 2755 373 2812 exsilium
387 2755 475 2824 abiit;
504 2767 644 2832 precatus
659 2757 695 2812 ab
718 2755 782 2812 Diis
805 2753 1020 2824 immortalibus,
1042 2753 1097 2810 “si
1118 2753 1161 2810 in·

161 2847 188 2886 ao
197 2842 215 2870 ‘⁶
225 2833 310 2890 noxio
323 2833 376 2890 sibi
390 2851 425 2890 ea
440 2834 543 2910 injuria
556 2834 645 2904 tieret,
660 2834 751 2908 primo
773 2850 885 2907 quoque
906 2841 1033 2905 tempore
1047 2829 1161 2888 deside-

197 2911 298 2968 “rium
319 2911 363 2968 sui
384 2911 492 2968 civitati
517 2912 634 2987 ingratae
656 2911 811 2970 facerent.”
857 2909 972 2966 Absens
993 2908 1159 2982 quindecim

196 2989 321 3046 millibus
334 2989 427 3065 gravis
442 2990 505 3046 aeris
518 2991 677 3048 damnatur.

235 3145 386 3204 XXXIII.
420 3146 547 3222 Expulso
570 3147 642 3218 cive,
663 3167 719 3222 quo
736 3155 881 3218 manente,
895 3144 919 3202 si
932 3143 1087 3220 quidquam
1108 3144 1161 3202 hu·

195 3243 343 3281 manorum
358 3225 428 3282 certi
452 3238 505 3297 est,
527 3226 592 3302 capi
615 3226 787 3282 Romanoa
808 3234 955 3299 potuerat;
990 3224 1162 3282 adventante

161 3302 274 3360 sosatali
295 3302 357 3360 urbi
371 3303 464 3373 clade,
478 3303 564 3378 legati
578 3304 614 3360 ab
628 3303 756 3360 Clusinis
770 3303 897 3373 veniunt,
912 3301 1048 3359 auxilium
1063 3302 1162 3358 adver·

195 3399 244 3438 sus
257 3381 354 3438 Gallos
367 3391 506 3456 petentes.
548 3381 619 3438 Eam
634 3392 749 3456 gentem
773 3381 892 3438 traditur
907 3381 992 3450 samd,
1007 3379 1161 3436 dulcedine

196 3459 319 3536 frugum,
333 3459 513 3532 maximeque
528 3460 584 3516 vini
600 3462 670 3516 nova
685 3470 744 3515 tum
762 3459 913 3534 voluptate,
927 3470 1049 3532 captam,
1072 3456 1163 3533 Alpes

197 3539 338 3605 translsse,
354 3555 492 3612 agrosque
513 3538 550 3593 ab
572 3537 700 3594 Etruscis
721 3537 787 3594 ante
809 3537 900 3594 cultos
921 3535 1100 3610 possedisse;
1133 3545 1164 3591 et

197 3615 338 3672 invexisse
348 3615 381 3670 ¹in
398 3615 520 3672 Galliam
535 3616 633 3672 vinum
648 3616 800 3672 illiciendae
814 3615 908 3690 gentis
920 3616 1007 3670 causa
1019 3615 1162 3670 Aruntem

162 3694 358 3762 roClusinum,
384 3692 423 3748 irs
445 3705 585 3768 corruptae
608 3695 702 3751 uxoris
717 3695 753 3750 ab
774 3693 952 3762 Lucumone,
974 3691 1020 3747 oui
1043 3688 1163 3746 tutoris

197 3773 289 3830 fuerat
310 3772 378 3845 ipse,
402 3782 574 3846 praepotente
586 3772 699 3848 pmcne,
721 3784 749 3828 et
770 3790 862 3844 aquo
882 3769 976 3844 expeti
990 3785 1091 3842 poeuae,
1107 3766 1162 3824 nisi
