2620 4220
176 341 238 402 274
568 335 638 384 τιτι
656 336 741 385 ιιιιι

217 479 285 540 XV
307 485 325 517 ‘¹
336 477 419 539 Quin
434 488 476 548 ιιι,
489 477 595 534 emisse
616 477 668 534 iet
689 477 830 536 nocturni
851 475 957 543 sabula,
972 479 1008 534 ad
1022 478 1050 536 id
1065 479 1146 553 quod

178 559 294 624 “doles,
318 557 393 630 quod
416 555 579 645 [invidiam]
604 557 669 622 urit,
691 556 862 613 reverteris?
918 557 1002 618 ‘Cur
1023 575 1146 630 usquam

177 644 197 676 ‘⁶
206 643 215 674 ‘
215 635 304 710 regni
319 635 360 692 tui
375 634 483 692 mentio
496 633 537 704 tit,
552 633 703 690 Demetri
694 637 704 676 l
730 651 781 690 cur
795 634 908 709 dignior
923 635 1009 708 patris
1023 635 1145 691 fortunae

177 720 374 770 “‘successor
394 711 564 785 quibusdam
586 711 699 778 videris,
713 731 796 786 quam
811 713 888 786 egoi
917 731 968 768 cur
989 731 1068 786 spem
1083 731 1146 768 me·

177 797 281 856 mam,
295 809 368 864 quae,
384 790 407 846 si
422 800 453 846 ιιι
466 809 523 846 ιιοιι
537 808 626 856 esses,
641 801 720 846 certa
733 801 803 855 erat,
818 789 934 845 dubiam
949 793 978 846 e't
991 790 1143 848 sollicitam
1167 800 1182 838 ⁵

176 869 333 926 “tlacisl'
376 868 449 924 Haec
463 867 549 924 sentit
565 867 695 938 Perseus,
715 868 840 924 etsi'non
855 867 944 924 dicit:
976 869 1038 924 haec
1057 869 1145 932 istum

177 947 365 1018 ιιιιιιιιιιοιιιιι,
384 947 446 1002 lraec
467 956 661 1002 accusatorem
684 945 811 1002 iaciunt:
847 945 909 1001 hec
929 946 1056 1017 domum,
1081 947 1146 1006 haeo

177 1030 197 1062 “
206 1044 325 1100 regnum
340 1035 431 1095 tuum,
450 1023 618 1080 criminibus
639 1033 669 1079 et
687 1023 899 1098 suspicionibus
919 1023 1038 1096 replent.
1081 1024 1146 1099 Ego

177 1108 311 1170 “autem,
324 1113 414 1177 pater,
423 1069 677 1176 quemadmodum
700 1112 756 1157 ne'c
778 1117 856 1157 nunc
875 1119 990 1175 sperare
1011 1121 1145 1184 regnum,

177 1187 197 1218 ‘⁶
207 1200 261 1238 nec
276 1181 420 1256 ambigere
435 1198 558 1268 unquam
580 1179 616 1234 de
636 1197 671 1235 eo
692 1179 807 1236 forsitan
819 1179 943 1235 debeam
948 1180 1036 1252 ,quia
1050 1180 1181 1236 minor1⁰

177 1263 196 1296 “
206 1259 362 1332 numquis
375 1268 406 1314 tu
420 1276 465 1314 me
490 1257 588 1332 majori
611 1257 715 1313 cedere
737 1257 798 1326 vis,
832 1258 875 1314 sic
899 1257 969 1312 illud
985 1277 1040 1313 nec
1056 1258 1145 1314 debui

177 1341 197 1377 “
206 1305 311 1408 faceis,
325 1355 381 1394 nec
394 1336 495 1406 debeo,
518 1346 549 1392 ut
562 1335 699 1424 indignus
722 1333 763 1410 [te
777 1346 866 1410 patre
868 1335 880 1414 ]
905 1335 1041 1424 indignus
1054 1336 1147 1392 omni·

178 1419 197 1452 “
207 1415 260 1472 bus
274 1415 389 1472 videar:
411 1414 439 1470 id
453 1413 531 1470 enim
543 1411 618 1470 vitiis
631 1412 713 1484 meis,
728 1432 785 1470 non
805 1413 946 1483 cedendo,
960 1413 1008 1469 cui
1029 1413 1076 1488 jus
1090 1413 1147 1470 sas-

178 1497 262 1566 “que
276 1503 329 1560 est,
344 1511 401 1550 uon
417 1491 566 1560 modestia,
581 1507 748 1564 consequar.
783 1491 932 1547 Romanos
942 1481 1044 1566 objicis
1056 1491 1145 1560 mihi3

178 1573 236 1626 “et
256 1589 302 1640 ea,
324 1588 387 1643 quas
408 1569 505 1644 gloriae
527 1587 590 1624 esse
614 1568 760 1635 debent,'
753 1587 782 1624 m
806 1569 916 1625 crimen
935 1569 1029 1625 vertis.
1071 1567 1145 1644 Ego,
1157 1577 1181 1615 ¹⁵

178 1652 262 1704 “nec
275 1615 359 1704 obses
383 1646 526 1702 Romanis
547 1655 579 1702 ut
601 1647 738 1718 traderer,
763 1665 818 1703 nec
832 1657 864 1704 ut
887 1647 998 1736 legatus
1018 1647 1146 1704 mitterer

178 1723 340 1794 “Rornam,
368 1724 454 1798 petii.
488 1734 547 1780 ate
572 1721 681 1784 missus
702 1724 818 1781 irenen
845 1725 994 1782 recusavi.
1027 1736 1146 1799 utroque

178 1809 198 1838 “
207 1813 333 1876 tempore
348 1803 388 1858 rta
401 1821 447 1858 me
467 1801 554 1877 gessi,
578 1821 615 1858 ne
643 1802 694 1858 tibi
719 1803 829 1876 pudori,
853 1821 890 1858 ne
914 1821 1003 1878 regno
1027 1813 1084 1874 tuo,
1109 1823 1146 1860 ne

179 1881 292 1970 “genti
314 1879 510 1938 Macedonum
536 1897 637 1936 essem.
692 1879 792 1954 Itaque
820 1880 889 1937 mibi
916 1899 982 1936 cum
1005 1881 1148 1938 Romanis

180 1959 342 2016 ιιιιιιιιιιιιε
366 1968 506 2016 causatu
527 1957 615 2024 suisti,
641 1970 728 2032 pater
769 1958 875 2048 Quoad
897 1970 993 2028 tecum
1016 1959 1070 2016 illis
1090 1966 1183 2035 part2⁰

180 2043 199 2076 “
209 2037 346 2103 manebit
368 2055 481 2094 mecum
502 2054 614 2109 quoque
637 2035 728 2110 gratia
741 2037 812 2093 erit:
844 2037 867 2093 si
891 2021 997 2092 bellum
1011 2057 1073 2094 esse
1088 2057 1148 2100 ece·

180 2115 291 2190 “perit,
305 2133 353 2188 qur
345 2114 461 2180 obses,
475 2132 523 2187 qur
515 2113 648 2188 legatus
658 2133 708 2188 pro
719 2125 798 2188 patre
813 2133 871 2187 non
883 2114 991 2171 inutilis
1006 2115 1056 2182 lui,
1069 2117 1147 2173 idem

181 2193 298 2250 “hostis
325 2192 380 2248 illis
397 2192 567 2248 ¹acerrimus
593 2211 651 2248 ero.
703 2192 769 2250 Nec
796 2193 891 2259 bodie,
917 2203 947 2249 ut
967 2194 1055 2267 prosit
1075 2195 1147 2250 mibi

181 2277 200 2308 “
210 2282 303 2345 gratia
321 2271 524 2338 Romanorum,
540 2270 669 2346 postulo;
700 2289 738 2326 ne
751 2271 835 2342 obsit
854 2271 970 2328 tantum
992 2273 1147 2361 deprecor:

181 2348 308 2404 “necin
325 2347 399 2404 bello
411 2347 508 2420 eoepit,
524 2366 579 2403 nec
593 2349 629 2404 ad
655 2347 759 2405 bellurn
775 2358 940 2405 reservatur.
983 2349 1066 2406 Pacis
1087 2350 1150 2425 pig·
1137 2355 1184 2394 -25

181 2431 263 2481 “nus
278 2424 336 2492 lui3
358 2425 394 2480 ad
409 2443 509 2499 pacem
524 2426 704 2484 retinendam
724 2427 835 2516 legatus
846 2427 953 2484 missus
966 2445 1049 2484 sum.
1079 2447 1150 2484 neu·-

181 2509 253 2558 “tra
274 2521 320 2559 res
341 2502 410 2558 mihi
431 2521 487 2560 nec
508 2503 604 2575 gloriae
625 2524 681 2561 nec
701 2505 816 2562 crimini
836 2505 882 2562 sit.
931 2505 1003 2580 Ego,
1031 2507 1055 2563 si
1079 2506 1150 2580 quid

181 2579 296 2656 “impie
311 2581 340 2636 in
355 2591 383 2637 te
386 2592 496 2656 ,pater‚
511 2581 631 2672 siquid
630 2583 789 2640 scelerate
782 2602 818 2638 ιιι
831 2583 946 2639 fratrem
960 2583 1072 2656 admisi,
1084 2585 1151 2640 nul·

182 2663 200 2694 “
210 2659 266 2716 lam
281 2660 419 2734 deprecor
432 2677 565 2748 poenam:
586 2660 610 2715 si
624 2661 764 2718 innocens
778 2680 851 2732 sum,
870 2680 907 2717 ne
922 2661 1029 2718 invidia
1043 2663 1153 2718 confla·

182 2741 201 2772 “
211 2757 301 2812 grem,
315 2757 403 2812 quum
418 2737 538 2794 crimine
553 2757 610 2794 ιιοιι
621 2739 736 2813 possim,
752 2739 898 2813 deprecor.
927 2739 995 2795 Non
1010 2741 1094 2796 hodie
1104 2745 1184 2796 me³⁰

182 2817 336 2890 “primdm
352 2815 437 2872 srater
451 2827 587 2884 accusat;
622 2818 672 2873 sed
694 2817 781 2874 'hodie
802 2817 924 2891 primdrn
950 2818 1055 2892 aperte,
1071 2819 1151 2875 nullo

182 2897 275 2952 “meo
288 2895 318 2951 in
332 2912 363 2950 se
378 2893 487 2950 merito.
529 2894 559 2950 Si
576 2895 645 2951 mibi
659 2905 738 2970 pater
751 2905 946 2967 succenseret,
970 2907 998 2952 te
1013 2896 1150 2971 majorem

182 2972 329 3037 “fratrem
349 2991 400 3047 pro
419 2972 528 3028 minore
549 2972 697 3046 deprecari
711 2974 867 3047 oportebat,
888 2983 916 3030 te
938 2973 1150 3044 adolescentie,

182 3053 239 3106 “te
261 3051 359 3116 errori,
381 3051 493 3106 veniam
516 3049 684 3124 impetrare:
719 3051 748 3107 in
773 3069 817 3122 ec,
836 3051 885 3107 ubi
909 3051 1072 3126 praesidium
1087 3071 1151 3108 esse

182 3130 203 3164 ‘⁶
211 3129 366 3202 oportebat
382 3129 421 3184 ibi
435 3129 554 3184 exitium
570 3139 621 3185 est.
667 3129 693 3186 E
707 3147 842 3186 convivio
851 3140 880 3186 et
900 3129 1151 3186 comissationibus
1161 3134 1188 3173 ³⁵

158 3203 160 3207 ’
183 3205 296 3280 “prope
308 3205 497 3294 semisomnus
510 3216 607 3282 raptus
620 3226 683 3264 sum
703 3209 738 3264 ad
762 3225 878 3264 causam
892 3207 1037 3282 parricidii
1052 3208 1153 3264 dicen·

183 3284 298 3350 ιι(ιιιιις
333 3281 394 3338 sine
419 3284 572 3354 advocatis,
594 3285 656 3341 sine
680 3285 815 3360 patronis,
841 3286 900 3360 ipse
922 3304 978 3360 pro
987 3304 1032 3342 me
1053 3285 1152 3342 dicere

182 3365 309 3436 “cogor
352 3360 384 3416 Si
398 3375 449 3433 pro
469 3361 526 3418 alio
545 3330 701 3420 dicendum
722 3373 807 3440 esset,
828 3374 941 3452 tempus
962 3365 996 3420 ad
1013 3364 1154 3420 meditan-

183 3439 280 3494 “dum
294 3449 322 3496 et
336 3439 562 3532 componendam
584 3441 740 3497 orationem
763 3441 957 3515 sumpsissem,
980 3460 1067 3515 quum
1082 3442 1153 3515 quid

183 3516 298 3584 “aliud,
312 3535 397 3590 quam
411 3515 519 3604 ingenii
535 3517 620 3584 sama,
637 3519 831 3593 periclitarerl
874 3519 1006 3594 Ignarus,
1025 3518 1093 3597 quid
1108 3538 1153 3575 ar·
1162 3523 1188 3562 ⁴⁰

183 3594 333 3650 “cessitus
347 3612 449 3659 essem,
464 3604 492 3649 te
507 3594 608 3650 iratum
623 3607 651 3652 et
673 3597 823 3670 jubentem
846 3597 943 3654 dicere
957 3615 1083 3668 causam,
1099 3597 1154 3653 sra-

183 3675 286 3726 “trem
301 3681 484 3728 accusantem
500 3671 604 3726 audiri.
646 3673 699 3728 Ille
713 3673 763 3728 diu
786 3676 851 3730 ante
873 3676 1040 3768 preparati,
1062 3675 1154 3730 medi·

183 3749 281 3818 “tatti,
295 3749 324 3804 in
347 3767 392 3804 me
412 3748 539 3804 oratione
554 3759 597 3806 est
616 3769 704 3806 usus:
739 3769 793 3826 ego
818 3752 845 3808 id
869 3749 980 3808 ιιιιιιιιιιι
1005 3752 1153 3828 temporie,
