2632 4224
252 409 254 411 ¹
534 345 638 396 LIBER
654 347 674 394 1.
707 356 851 394 cinxtvr.
1133 343 1173 402 ,13

191 422 205 446 J
651 424 654 428 .

124 560 127 568 ¹
252 496 337 554 XLV
383 492 476 548 Aucta
490 489 604 546 civitate
619 488 815 562 magnitudine
836 484 923 551 urbis,
943 482 1069 540 formatis
1082 483 1173 552 omni·

140 607 147 616 ·
213 575 267 632 bus
282 572 359 631 domi
374 570 449 626 etad
465 568 530 624 belli
541 579 569 624 et
584 567 619 622 ad
633 567 712 640 pacis
726 585 805 636 usus,
829 583 866 620 ne
880 581 991 636 semper
1005 562 1090 618 armis
1103 579 1173 634 opes

119 705 131 720 q
213 653 437 726 acquirerentur,
453 645 572 702 oonsilio
587 655 692 718 augere
716 643 864 716 imperium
886 651 1005 696 conatus
1019 649 1070 708 est,
1086 637 1174 694 simtu

120 729 143 766 ⁵'
214 741 244 787 et
258 729 367 802 aliquod
382 726 485 780 addere
502 723 562 778 urbi
578 723 673 777 decus.
715 720 780 776 Jam
804 731 864 775 turn
889 727 948 774 eret
970 713 1107 790 inclytum
1122 716 1173 772 Di-

137 789 160 818 *
192 824 278 862 senne
292 805 421 879 Ephesiae
436 803 550 858 sanum:
572 801 599 855 id
614 795 1007 854 communiteraoivitatibus
1023 795 1099 874 Asiae
1114 793 1173 850 fac·
1222 791 1226 798 ⁴

81 878 157 980 x&
233 900 274 930 :m
288 883 363 938 lame
377 881 494 936 ferebat.
535 878 636 938 Quum
655 894 826 932 consensum
850 874 981 946 Deosque
996 871 1173 928 consociatos

113 941 125 976 l
168 997 176 1018 a
212 962 339 1017 laudaret
353 959 423 1015 mire
439 956 555 1021 Seruius
569 957 641 1011 inter
655 972 786 1028 proceres
799 952 976 1016 Latinorum,
991 968 1057 1008 cum
1071 949 1174 1022 quibus

212 1037 326 1111 publicd
341 1036 527 1110 privatimque
541 1033 661 1106 hospitia
680 1030 874 1107 amicitiasque
889 1029 925 1084 de
940 1026 1079 1086 industria
1090 1027 1174 1100 junx·

213 1127 290 1182 erat3
312 1133 386 1188 saepe
400 1113 529 1169 iterando
549 1101 803 1182 eadem‚sperpuli't'
827 1107 951 1175 tandem,
974 1116 1004 1160 ut
1018 1104 1121 1160 Romae
1136 1103 1175 1159 sa·

149 1199 153 1206 “
181 1207 207 1244 to
216 1209 285 1246 num
309 1191 409 1246 Dianae
431 1189 525 1263 populi
550 1188 644 1243 Latini
668 1205 734 1242 cum
755 1185 858 1259 populo
882 1184 1014 1240 Romano
1038 1182 1173 1238 facerent.

216 1267 260 1324 Ea
274 1277 334 1323 erat
347 1267 495 1336 confessio,
509 1277 595 1340 caput
609 1283 703 1320 rerum
725 1263 848 1319 Romam
863 1280 943 1328 esse;
972 1260 1008 1316 de
1021 1278 1077 1332 quo
1090 1259 1174 1314 toties

214 1346 299 1399 ermis
313 1355 450 1400 certatum
465 1344 564 1398 suerat.
606 1343 640 1398 Id
655 1359 823 1415 quemquam
838 1339 973 1414 omissum
985 1337 1043 1410 jam
1058 1355 1095 1392 ex
1115 1355 1174 1392 om-

212 1421 291 1476 nium
307 1422 377 1477 curd
391 1421 567 1486 Latinorum,
589 1421 626 1476 ob
647 1439 707 1475 rem
721 1419 804 1474 toties
817 1417 968 1472 infeliciter
982 1424 1117 1470 tentatam
1133 1431 1175 1468 ar-

212 1498 276 1569 mis,
291 1499 456 1566 videbatur3
478 1499 528 1553 uni
543 1517 573 1552 se
587 1517 622 1554 ex
637 1497 751 1552 Sabinis
770 1495 825 1552 sors
848 1495 916 1551 dare
938 1493 997 1548 visa
1010 1502 1053 1548 est
1066 1491 1174 1564 privato

133 1638 139 1648 1
180 1590 204 1628 15
213 1576 332 1632 consilio
347 1577 456 1650 imperii
471 1575 668 1649 recuperandi.
710 1573 766 1629 Bos
790 1573 819 1628 in
842 1571 956 1628 Sabinis
978 1581 1045 1626 nata
1059 1569 1174 1626 cuidant

108 1707 114 1720 χ
159 1648 165 1666 ¹
212 1653 400 1726 patrifamiliae
414 1654 527 1722 dicitur,
544 1653 672 1708 mirandi
696 1651 893 1725 magnitudine
908 1668 943 1704 ac
957 1649 1061 1722 specie.
1103 1647 1175 1704 Fixa

215 1732 379 1803 permultas
394 1741 611 1786 aetatescornua
631 1731 661 1785 in
683 1727 822 1784 vestibulo
842 1727 939 1801 templi
961 1726 1062 1782 Dianae
1077 1743 1176 1790 utone·

76 1827 113 1864 x
216 1818 341 1862 mentum
365 1809 391 1864 ei
413 1807 493 1864 luere
518 1807 663 1862 miraculo.
708 1806 822 1876 Habita,
844 1816 875 1860 ut
897 1815 965 1874 erat,
988 1823 1033 1860 res
1054 1802 1174 1877 prodigii

153 1894 160 1906 '
214 1883 279 1940 loco
293 1896 353 1941 est:
374 1895 402 1941 et
416 1886 547 1941 cecindre
561 1896 648 1956 vates,
664 1883 746 1958 cujus
769 1883 892 1940 civitatis
913 1901 974 1938 eam
990 1882 1059 1938 civis
1074 1881 1174 1936 Dianae

179 1973 204 2014 at
214 1961 396 2028 immoldsset‚
412 1964 451 2018 ibi
465 1963 523 2019 sore
538 1963 708 2036 imperium3
731 1962 813 2034 idque
829 1979 944 2016 carmen
959 1969 1125 2033 pervenerat
1139 1959 1175 2014 ad

112 2042 142 2120 ς
214 2039 367 2096 antistitem
383 2041 442 2096 sani
465 2041 574 2095 Dianae.
617 2040 749 2108 Sabinus,
767 2049 797 2094 ut
817 2039 907 2112 prime
928 2049 992 2111 apta
1006 2037 1067 2092 dies
1089 2035 1175 2092 sacri·

114 2115 134 2186 »ζ
213 2115 279 2172 hoio
294 2117 354 2172 visa
367 2127 420 2180 est,
435 2117 534 2171 bovem
551 2117 671 2172 Romam
691 2127 783 2172 actem
805 2116 922 2172 deducit
946 2115 981 2170 ed
997 2114 1093 2170 fanum
1107 2111 1175 2170 Dia-

108 2194 141 2272 ς
214 2211 270 2256 nae,
292 2204 322 2248 ct
343 2204 409 2248 ante
434 2211 510 2247 aram
538 2193 642 2249 statuit
696 2194 740 2249 Ibi
755 2195 872 2250 antistes
899 2193 1058 2257 Romanus,
1087 2211 1173 2265 quum

213 2287 281 2326 eum
306 2271 473 2344 magnitudo
499 2270 617 2326 victimae
645 2272 788 2328 celebrata
812 2271 885 2326 fama
910 2271 1052 2336 movisset,
1068 2288 1175 2326 memor

178 2348 351 2424 esresponsi
368 2347 505 2404 Sabinum
530 2348 569 2404 ita
589 2349 759 2422 alloquitur:
800 2349 978 2410 “Quidnam
1002 2361 1042 2413 tu,
1062 2348 1173 2421 hospes,

112 2438 131 2510 q
213 2427 376 2500 “peresi''
412 2426 512 2498 inquit,
540 2426 690 2500 ί(ίηοθῂ
713 2427 883 2484 sacrificium
919 2427 1019 2482 Dianae
1054 2425 1174 2481 facerel

52 2533 75 2558 κ
213 2507 231 2538 “
243 2505 324 2564 Quin
340 2515 370 2560 tu
386 2504 451 2560 ante
467 2503 529 2560 vivo
542 2487 720 2577 pell'uhderis
734 2505 874 2562 fluminei
904 2505 1005 2560 Infima
1020 2503 1091 2558 valle
1105 2521 1175 2576 prte-

118 2603 127 2629 κ
213 2582 306 2638 “fluit
327 2582 470 2638 Tiberis.'’
520 2581 675 2656 Religione
702 2593 793 2640 tactus
814 2584 925 2656 hospes,
947 2581 994 2654 qui
1016 2581 1121 2646 omnia,
1144 2591 1175 2636 nt

212 2660 341 2734 prodigio
355 2660 539 2734 responderet
552 2669 680 2726 eventus,
706 2672 823 2734 cuperet
838 2659 896 2716 'rite
922 2659 1006 2724 sacta,
1021 2677 1056 2714 ex
1070 2658 1174 2730 templo

178 2738 362 2795 sodescendit
383 2739 418 2794 ad
441 2737 579 2794 Tiberim.
623 2737 737 2794 Interea
761 2739 910 2796 Romanus
933 2736 1058 2792 immolat
1075 2735 1174 2790 Dianae

213 2817 332 2874 bovem:
355 2815 384 2872 id
398 2815 468 2872 mire
483 2827 593 2890 gratum
608 2816 668 2890 regi
683 2827 766 2889 atque
781 2815 887 2872 civitati
903 2799 985 2870 luit.‘

1 2972 12 3109 q
104 2991 129 3014 ἰ
254 2971 362 3028 XLVI.
394 2973 519 3041 Servius,
541 2991 709 3047 quamquem
730 2973 787 3048 jam
810 2992 863 3028 usu
884 2971 1092 3028 hauddubium
1113 2989 1174 3046 reg-

139 3055 143 3062 '
213 3067 282 3104 num
297 3051 467 3123 possederat,
484 3062 589 3118 tamen,
599 3051 814 3124 quieinterdum
827 3050 928 3126 jactari
943 3068 1026 3104 voces
1041 3048 1173 3122 ajuvene

104 3127 108 3136 '
154 3170 159 3178 .
212 3127 370 3202 Tarquinio
379 3130 520 3195 audiebat,
530 3149 560 3185 se
573 3130 681 3203 injussu
693 3129 787 3202 populi
799 3147 927 3203 regnare,
937 3125 1173 3200 conciliatlaprids

78 3259 106 3284 Ἀ
173 3205 353 3262 ‘osvoluntate
367 3207 466 3280 plebis
481 3227 549 3282 agro
568 3217 651 3280 cepto
671 3225 706 3264 ex
731 3207 858 3262 hostibus
882 3205 985 3262 viritim
1006 3205 1105 3270 diviso,
1125 3224 1174 3260 au·

214 3300 262 3336 sus
276 3293 319 3337 est
332 3283 404 3338 ferre
418 3287 453 3340 ad
467 3286 611 3360 populum,
626 3287 645 3317 “
657 3285 769 3354 vellent,
779 3285 959 3359 juberentne,
970 3303 1002 3340 se
1011 3283 1172 3358 regnarel”

214 3369 346 3434 tantoque
370 3379 521 3432 consensu,
544 3372 649 3436 quanto
667 3362 743 3418 haud
765 3363 912 3436 quisquam
937 3361 1008 3418 alius
1027 3361 1102 3432 ante,
1124 3380 1174 3418 rex

128 3497 134 3508 ,
210 3448 254 3494 est
276 3438 445 3496 declaratus.
494 3441 596 3514 Neque
617 3459 651 3496 ea
674 3459 719 3496 res
741 3440 898 3516 Tarquinio
919 3459 998 3514 spem
1020 3439 1207 3514 affectandi·

209 3517 291 3592 regni
307 3517 427 3574 minuit:
450 3519 537 3575 immn
550 3517 584 3574 ed
598 3517 763 3592 impensiim,
786 3519 852 3592 quia
875 3519 911 3574 de
933 3536 1001 3592 agro
1022 3517 1111 3592 plebis
1126 3511 1173 3572 ad·

140 3608 145 3614 '
175 3595 291 3659 40verst⁴t
303 3595 419 3652 Petrum
435 3597 578 3654 voluntate
592 3608 719 3654 senserat
733 3587 976 3671 aph-criminandi
991 3597 1081 3654 Servii
1096 3594 1171 3668 apud

113 3672 132 3710 ’κ
190 3669 318 3744 'Patres
334 3675 540 3748 crescendique
555 3676 583 3731 in
606 3675 684 3731 curii
705 3675 763 3736 sibi
783 3674 965 3731 occasionem
986 3673 1080 3750 datam
1096 3682 1172 3727 retus

209 3763 262 3824 est,
277 3763 305 3809 et
320 3753 380 3827 ipse
391 3751 505 3826 juvenis
519 3753 644 3810 ardentis
657 3753 753 3823 animi,
773 3763 800 3809 et
822 3751 898 3808 dorni
918 3769 1005 3807 uxore
1019 3749 1172 3806 Tulliam-
