2632 4224
567 314 672 364 LIBER
687 314 708 364 1
736 327 799 366 cue.
810 327 865 366 arx.
1157 317 1197 376 εὖ

228 453 329 514 ordine
342 473 444 512 omnes
466 455 570 512 fidem:
602 458 785 515 consolantur
809 476 913 534 egram
925 456 1026 524 animi,
1041 457 1197 516 avertendo

229 551 334 591 noxam
349 533 386 590 ab
400 535 500 592 coactti
515 535 544 591 in
559 547 704 592 auctorem
716 537 831 593 delicti:
853 546 978 593 mentem
990 553 1122 610 peccare,
1137 552 1195 594 non

229 628 351 686 corpus.
372 623 410 678 et,
426 613 501 670 unde
516 614 668 670 consilium
683 614 805 671 abluerit
807 614 936 688 ,culpam
947 615 1054 670 abesse.
1077 617 1095 647 “
1107 613 1195 682 Vos,’'

230 688 332 763 inquit,
347 693 366 725 “
375 691 510 763 videritis,
524 692 590 766 quid
602 692 642 748 illi
662 693 819 750 debeatur.
849 711 913 768 ego,
938 711 994 764 me,
1008 691 1062 750 etsi
1077 703 1197 766 peccato

209 770 249 830 5“
262 769 384 839 absolvo,
396 769 535 844 supplicio
549 789 606 826 non
621 769 728 827 libero:
760 789 816 828 nec
840 771 897 827 ulla
921 737 1025 827 deinde
1049 769 1197 844 impudica

230 845 402 904 “Lucretiae
417 849 547 924 exemplo
562 849 664 905 vivet.”
706 849 848 920 Cultrum,
872 867 958 922 quem
982 849 1036 906 sub
1054 859 1133 904 veste
1147 849 1197 904 ab·

229 925 319 981 ditum
335 925 468 997 babebat,
481 945 547 983 eum
563 927 592 983 in
607 928 694 984 corde
704 927 822 1003 deligit:
843 927 1030 1002 prolapsaque
1041 926 1070 983 in
1083 926 1195 994 vulnus,

228 1003 399 1061 moribunda
413 1004 528 1061 cecidit.
571 1005 763 1064 Conclamant
777 1007 818 1062 vir
832 1016 1002 1092 paterqueqp

269 1157 349 1218 LIX.
384 1160 499 1228 Brutus,
525 1161 580 1218 illis
603 1161 683 1218 luctu
706 1161 864 1237 occupatis,
879 1163 1012 1232 cultrum,
1026 1179 1062 1218 ex
1077 1160 1195 1219 vulnere

198 1235 372 1302 10Lucretiae
385 1249 556 1312 extractum,
570 1251 735 1296 manantem
749 1258 851 1297 cruore
865 1259 922 1314 prar
936 1259 967 1296 se
981 1251 1093 1310 tenens,
1112 1239 1196 1298 “Per

229 1316 367 1385 “huna’'
381 1317 482 1405 inquit,
510 1318 730 1374 “castissimum
755 1329 821 1374 ante
844 1318 951 1393 regiam
976 1318 1109 1392 injuriam
1133 1337 1197 1374 san·

228 1394 374 1469 “guinem
386 1395 460 1470 juro,
475 1414 590 1470 vosque,
606 1396 664 1462 Dii,
684 1407 771 1452 testes
785 1395 869 1468 sacio,
894 1415 940 1452 me
955 1396 988 1452 L.
1004 1395 1195 1468 Tarquinium

228 1474 247 1507 “
260 1473 432 1546 Superbum,
447 1493 513 1530 cum
529 1474 666 1530 scelerata
680 1475 804 1549 cunjuge
828 1485 858 1530 et
870 1475 949 1531 omni
963 1474 1117 1531 liberorum
1133 1475 1196 1531 stir-

227 1553 247 1586 “
260 1569 304 1624 pe,
316 1550 400 1620 ferro,
413 1551 483 1626 igni,
494 1553 676 1626 qudcumque
687 1553 794 1608 dehinc
806 1551 831 1608 vi
844 1553 959 1625 possim,
974 1563 1177 1608 exsecuturum
1188 1573 1195 1621 ;

195 1653 219 1692 ts
228 1632 247 1664 “
259 1636 313 1686 nec
328 1629 400 1694 illos,
416 1649 471 1686 nec
486 1630 572 1686 alium
584 1648 755 1704 quemquam
767 1648 886 1705 regnare
899 1630 1001 1687 Romae
1012 1631 1194 1704 passurum.’'

228 1707 359 1765 Cultrnm
374 1707 479 1764 deinde
491 1707 634 1764 Collatino
648 1709 752 1776 tradit·
785 1709 852 1764 inde
869 1707 1005 1766 Lucretio
1019 1727 1053 1765 ac
1069 1709 1194 1778 Valerio,

228 1786 409 1875 stupentibus
420 1785 559 1842 miraculo
573 1785 624 1851 rei,
650 1785 727 1842 unde
751 1805 856 1842 notum
881 1787 910 1843 in
928 1787 1008 1843 Bruti
1024 1797 1139 1860 pectore
1154 1788 1196 1844 in-

227 1864 354 1954 genium.
396 1863 435 1920 Ut
449 1874 621 1938 preceptum
636 1876 706 1929 erat,
719 1863 837 1944 jurant:
858 1865 965 1940 totique
977 1865 1013 1920 ab
1028 1865 1106 1922 luctu
1122 1869 1195 1924 versi

228 1943 257 1999 in
272 1942 353 2008 iram,
370 1942 521 2009 Brutums
511 1961 570 2016 qam
585 1942 652 1998 inde
667 1943 703 1998 ad
717 1931 943 2018 expugnandum
957 1956 1077 2017 regnum
1094 1961 1196 2003 vocan-

192 2031 295 2088 solem‚
310 2031 467 2094 sequuntur
481 1984 593 2076 ducem.
636 2017 749 2077 Elatum
775 2021 859 2078 domo
884 2021 1026 2077 Lucretiae
1048 2039 1151 2096 corpus
1166 2022 1195 2078 in

228 2099 319 2157 sorum
335 2097 387 2154 def
383 2109 476 2168 erunt,
491 2099 680 2172 concientque
705 2099 843 2156 miraculo
869 2098 914 2171 (ut
928 2099 972 2176 lit)
999 2099 1039 2155 rei
1061 2118 1141 2156 novae
1157 2112 1196 2158 at·

124 2245 130 2253 ,
228 2195 284 2250 que
300 2175 469 2251 indignitate
484 2177 632 2232 homines:
663 2195 714 2250 pro
738 2196 769 2233 se
793 2178 911 2251 quisque
926 2177 1020 2234 scelus
1034 2196 1145 2253 regrum
1160 2199 1195 2236 ao

228 2255 286 2311 vim
310 2265 474 2328 queruntur
517 2253 614 2312 Movet
634 2265 693 2311 tum
718 2257 805 2345 patris
830 2255 972 2322 moestitia,
997 2266 1058 2312 tum
1080 2254 1195 2333 Brutus,

228 2333 381 2408 castigator
395 2332 583 2407 lacrymarum
609 2345 692 2407 atque
718 2335 851 2390 inertium
876 2334 1065 2408 querelarum,
1084 2335 1196 2394 auctor-

193 2430 282 2486 esque
298 2411 426 2486 (quod
402 2430 484 2482 viros,
495 2412 570 2485 quod
590 2411 739 2469 Romanos
752 2413 884 2490 deceret)
906 2432 985 2470 arma
999 2413 1132 2488 capiendi
1147 2415 1196 2472 ad·

228 2509 325 2546 versus
339 2489 451 2545 hostilia
465 2508 557 2546 ausos.
599 2490 807 2548 Feracissimus
827 2492 947 2566 quisque
968 2491 1115 2567 juvenum·
1127 2513 1196 2550 curn

228 2569 314 2624 armis
328 2567 504 2625 voluntarius
518 2567 618 2625 adest:
634 2619 636 2622 .
651 2570 776 2643 sequitur
800 2581 829 2627 et
842 2581 947 2627 cetera
957 2570 1104 2645 juventus.
1146 2571 1195 2628 ln-

228 2647 274 2713 de,
289 2663 348 2720 part
342 2646 494 2721 praesidio
509 2647 608 2704 relicto
632 2647 762 2704 Collatiae
786 2649 822 2704 ad
846 2659 949 2723 portas,
971 2649 1194 2739 custodibusque

228 2725 301 2781 datis
315 2724 428 2799 nequis
442 2743 507 2781 eum
523 2736 631 2782 motum
652 2727 768 2802 regibus
790 2727 946 2792 nuntiaret,
972 2727 1069 2782 caeteri
1083 2728 1196 2812 armati,

193 2804 301 2863 aoduce
320 2803 414 2874 Bruto,
429 2803 553 2860 Romam
570 2804 697 2878 profecti
701 2803 796 2872 t‘tlbi
810 2802 845 2860 eb
859 2815 975 2860 ventum
990 2814 1033 2860 est
1035 2795 1195 2878 ‚qudiarm-

227 2901 282 2956 que
297 2882 415 2954 incedit,
441 2893 548 2938 armata
571 2873 723 2939 multitudo
735 2901 868 2972 pavorem
890 2901 924 2939 ac
939 2883 1091 2939 tumultum
1106 2882 1194 2941 facit:

227 2979 333 3032 rursus,
348 2960 397 3016 nbi
422 2960 530 3016 anteire
554 2961 691 3036 primores
715 2961 837 3018 civitatis
862 2961 968 3028 rident,
992 2961 1128 3050 quidquid
1149 2962 1194 3032 sit,

228 3037 305 3096 haud
318 3037 425 3095 temere
440 3057 503 3095 esse
524 3050 630 3096 rentur
673 3037 739 3096 Nec
758 3040 897 3096 minorem
912 3049 1019 3095 motum
1034 3040 1195 3105 animorum

228 3116 402 3174 Romaetam
418 3128 497 3174 atrox
522 3136 567 3174 res
592 3117 670 3206 facit,
695 3137 779 3192 quam
804 3117 934 3174 Collatia
959 3117 1074 3175 lecerat.
1117 3117 1195 3194 Ergo

194 3214 264 3254 snex
276 3195 410 3253 omnibus
423 3195 493 3252 locis
515 3195 621 3252 urbis
615 3215 644 3252 nr
667 3195 758 3252 forum
772 3196 904 3252 curritur.
916 3195 1015 3266 &Qud
1030 3197 1113 3254 simul
1129 3217 1196 3256 ven-

229 3283 290 3329 tum
304 3285 356 3340 eet,
367 3293 461 3350 praeco
475 3274 511 3330 ad
526 3275 683 3330 tribunum
676 3268 866 3345 Celerum,
859 3294 888 3331 m
902 3286 1033 3349 quotum
1048 3265 1195 3352 magistra-

230 3361 260 3408 tu
275 3351 344 3409 sorte
361 3353 467 3409 Brutus
480 3362 551 3419 erat
577 3352 711 3441 populum
727 3353 882 3410 advocavit.
924 3353 969 3410 Ibr
983 3355 1074 3411 oratio
1089 3354 1193 3424 habita,
1231 3423 1233 3430 γ

228 3430 421 3506 nequiquam
417 3412 499 3506 ejus
519 3430 643 3504 pectoris
667 3431 841 3506 ingeniique,
870 3432 944 3506 quod
970 3432 1133 3492 simulatum
1158 3400 1194 3490 ad

228 3527 291 3566 earn
306 3510 383 3566 diem
399 3509 499 3580 fuerat,
514 3508 589 3564 de
566 3527 590 3565 vr
606 3527 640 3565 ac
653 3509 772 3566 libidine
788 3511 857 3568 Sex.
870 3511 1031 3585 Tarquinii,
1047 3513 1083 3568 de
1097 3523 1194 3586 stupro

194 3586 346 3646 rotulando
360 3587 513 3659 Lucretiae,
527 3597 556 3644 et
569 3587 722 3644 miserabili
748 3589 837 3654 caede,
862 3589 898 3645 de
912 3589 1032 3647 orbitate
1047 3589 1194 3664 Tricipiti-

227 3665 268 3732 ni,
284 3666 331 3724 cui
354 3677 443 3723 morte
465 3665 529 3722 filiae
554 3683 641 3722 causa
662 3667 760 3724 mortis
782 3667 924 3742 indignior
949 3686 983 3723 ac
1008 3667 1194 3724 miserabilior

227 3755 312 3802 esset.
355 3745 459 3801 Addita
473 3744 605 3820 superbia
618 3745 707 3819 ipsius
731 3745 816 3819 regis,
840 3745 1017 3819 miseriaeque
1041 3756 1069 3802 et
1084 3745 1195 3802 labores
