2632 4224
599 259 610 288 h

155 329 196 388 da
549 334 618 384 urm
635 336 720 384 mvn

156 470 241 559 ‘itque
255 473 408 535 recidisse..
441 473 636 550 Nunquamne
663 477 761 552 ergo‚'’
788 477 889 553 inquit,
914 481 933 516 “
945 481 1002 540 ulla
1015 482 1120 545 adeda

156 547 264 608 “robis
278 565 406 628 spectata
419 554 507 611 virtus
530 555 593 621 erit,
617 567 647 612 ut
667 554 829 630 suspicione
854 558 950 616 violari
971 563 1117 634 nequeatl

156 623 249 704 “Ego
263 649 309 686 me
323 631 401 688 illum
417 633 587 690 acerrimum
602 651 700 707 regum
715 635 834 704 hostem,
849 635 942 710 ipsum
956 639 1119 712 cupiditatis

155 705 175 740 ‘⁴
186 708 267 782 regni
282 709 391 766 crimen
413 710 572 767 subiturum
594 709 746 766 timereml
787 712 859 787 Ego,
884 714 921 770 si·
933 715 962 771 in
978 715 1039 790 ipsit
1053 737 1119 774 arce

155 784 174 818 “
186 785 383 861 Capitolioque
397 788 564 859 habitarem,
585 789 672 844 metui
694 807 740 846 me
762 791 908 846 crederem
923 811 1005 866 posse
1020 814 1037 850 a
1051 795 1119 852 civi·
1139 811 1153 851 ⁵

155 863 347 920 “busmeisl
382 877 438 921 tam
466 865 520 922 levi
544 878 689 923 momento
715 886 780 924 mea
804 869 879 942 apud
904 871 1120 947 voslamapen·

156 943 174 974 “
186 941 255 998 detl
298 942 419 1000 Adedne
432 954 476 1000 est
490 943 607 1000 lundata
620 943 719 1000 leviter
743 945 823 1012 fides
846 956 876 1002 ut
890 947 938 1003 ubi
954 949 1017 1015 sim,
1032 950 1118 1023 quarn
1137 992 1141 1000 -

155 1021 173 1053 “
185 1021 231 1093 qui
246 1019 310 1092 sim,
328 1021 417 1097 magis
431 1021 555 1078 referat?
583 1021 664 1078 xNon
685 1023 838 1080 obstabunt
859 1023 890 1080 P.
910 1025 1017 1082 Valerii
1042 1029 1119 1084 edes

154 1098 307 1155 “libertati
323 1112 429 1168 vestrae,
444 1099 594 1168 Quirites3
615 1110 675 1156 tuta
690 1100 743 1172 erit
757 1101 835 1157 vobis
849 1101 940 1160 Velia.
982 1103 1116 1162 Deseram

153 1179 172 1209 ‘¹
184 1195 242 1232 non
256 1177 285 1232 in
300 1177 415 1251 planum
431 1175 514 1234 mode
533 1178 619 1248 aedes,
633 1178 683 1234 sed
702 1177 768 1234 colli
782 1179 868 1235 etiam
883 1180 1052 1256 subjiciam:
1085 1195 1117 1241 -ut
1128 1197 1152 1239 to

153 1257 172 1288 “
185 1273 232 1310 vos
246 1274 332 1328 supra
345 1266 508 1330 suspectum
534 1275 579 1312 me
593 1257 685 1312 civem
700 1256 841 1312 habitetis.
883 1257 918 1314 In
935 1259 1016 1316 Velia
1031 1261 1118 1318 aedili·

152 1336 171 1366 “
183 1343 259 1398 cent,
274 1333 376 1406 quibus
391 1333 503 1400 melitis,
525 1334 609 1408 quim
632 1333 663 1390 P.
678 1334 802 1404 Valerio,
825 1336 951 1392 creditur
972 1338 1116 1396 libertas.”

152 1409 255 1468 Delata
269 1411 419 1468 confestim
434 1411 553 1468 materia
565 1411 746 1472 omnisinsra
760 1412 890 1482 Veliam3
921 1416 1023 1485 et,·ubi
1038 1436 1117 1476 rrunc

155 1487 307 1563 Vicaepotae
323 1500 375 1556 est,
391 1489 534 1545 demusin
549 1488 647 1558 infimo
661 1490 734 1549 clivo
749 1490 898 1550 edificata.

191 1644 276 1704 VIII.
297 1645 376 1702 Latae
390 1646 495 1703 deinde
509 1647 596 1723 loges,
610 1667 668 1705 non
683 1648 772 1705 soltim
786 1667 849 1723 qnae
864 1650 944 1725 regni
953 1651 1114 1726 suSpIcione
1124 1669 1149 1710 1⁵

151 1724 297 1780 consulem
313 1725 501 1797 absolverent,
516 1727 565 1782 sed
580 1745 642 1800 quae
657 1727 729 1784 aded
745 1727 774 1783 in
789 1727 1116 1799 contrariumverterent,

151 1813 182 1858 ut
196 1802 357 1878 popularem
373 1803 458 1859 etiam
474 1803 618 1860 lacerent:
648 1805 714 1862 inde
737 1825 896 1880 cognomen
919 1806 1025 1863 factum
1040 1807 1115 1863 Pub·

150 1880 240 1938 lieolre
255 1891 306 1937 est.
349 1883 426 1938 Ante
450 1901 559 1954 omnes,
582 1883 617 1938 de
641 1884 840 1957 provocatione
865 1885 998 1940 adversus
1013 1885 1115 1959 magis-

150 1967 238 2016 tratus
253 1959 288 2016 ed
303 1960 447 2035 populum,
471 1961 667 2036 sacrandoque
688 1981 753 2018 cum
779 1961 859 2018 bonis
883 1961 975 2036 capite
989 1961 1113 2036 ejusqui

112 2074 114 2078 -
149 2039 230 2113 regni
244 2038 405 2112 occupandi
419 2039 539 2094 consilia
552 2039 661 2110 inisset,
675 2051 763 2114 gratae
777 2039 807 2095 in
823 2039 922 2117 vulgus
930 2039 1008 2112 leges
1023 2039 1111 2096 sudre.
1122 2062 1149 2112 ῖς

148 2153 215 2171 ...
241 2162 244 2170 ,
268 2159 274 2172 .
298 2117 370 2172 Haeo
396 2127 458 2190 post
485 2127 601 2173 exactos
625 2135 708 2192 reges
735 2117 810 2172 domi
842 2116 1005 2190 militiaeque
1032 2115 1142 2191 gestui,

148 2194 240 2328 prqmo
253 2213 337 2250 anno.
379 2193 452 2250 Inde
471 2192 502 2249 P.
513 2188 650 2270 Valerius
672 2195 785 2262 iterum,
808 2193 845 2250 Τ.
869 2193 1030 2262 Lucretiae,
1045 2204 1148 2280 con-g

148 2289 180 2327 ru
194 2291 225 2328 es
239 2272 315 2328 lacti.
1128 2281 1135 2293 “

149 2447 159 2468 ³
188 2429 244 2486 IX.
272 2429 336 2486 Iam
357 2429 509 2504 Tarquinii
530 2431 566 2486 ad
587 2429 702 2486 Lartem
717 2429 881 2494 Porsenam,
897 2427 1049 2485 Clusinum
1069 2441 1141 2485 re·t*

148 2525 222 2582 gem,
238 2507 437 2582 perfugerant:
460 2507 509 2580 ibi,
524 2505 672 2565 miscendo
683 2507 834 2564 consilium
849 2525 1014 2581 precesque,
1032 2525 1111 2562 nunc
1127 2505 1141 2548 9

147 2586 275 2650 orabant,
304 2591 323 2620 “
335 2605 372 2642 ne
394 2605 435 2657 se,
459 2587 594 2642 oriundos
608 2605 644 2642 ex
658 2585 797 2652 Etruscis,
819 2585 947 2660 ejusdem
962 2585 1111 2659 sanguinis
1126 2560 1146 2650 ,ἒ

147 2666 165 2696 ‘⁴
177 2664 366 2739 nominisque,
381 2675 499 2739 egentes
512 2665 798 2738 exsulare-pateretur
808 2683 815 2720 ι
825 2663 843 2689 ”
865 2681 943 2719 nunc
957 2663 1111 2720 monebant
1120 2653 1146 2671 ⁹

147 2741 243 2808 etiam,
266 2745 284 2776 “
295 2761 330 2798 ne
344 2741 482 2798 orientem
497 2759 604 2798 morem
626 2741 750 2816 pellendi
764 2760 846 2818 reges
860 2741 981 2796 inultum
996 2741 1110 2797 sineret.

147 2823 165 2854 “
178 2820 254 2876 Satis
269 2820 425 2878 libertatem
441 2819 529 2894 ipsam
544 2819 649 2878 habere
663 2819 833 2876 dulcedinis.
884 2817 950 2873 Nisi
964 2817 1069 2890 quantit
1084 2818 1109 2874 vi
1149 2855 1151 2860 ,

147 2899 166 2932 “
178 2897 306 2956 civitates
320 2917 383 2954 earn
397 2908 541 2972 expetant,
556 2899 636 2954 tanta
651 2915 739 2971 regna
752 2914 834 2971 reges
845 2895 1009 2961 defendant,
1020 2915 1144 2972 equo-aa

147 2979 165 3010 ‘⁶
178 2967 201 3032 ri
215 2995 327 3033 summa
340 2975 460 3032 infimis:
490 2975 560 3032 nihil
575 2975 730 3041 excelsum,
745 2974 826 3040 nihil,
841 2973 915 3047 quod
930 2991 1014 3048 supra
1028 2986 1111 3031 caete·

138 3051 326 3126 memineat,
341 3055 371 3110 in
393 3053 555 3110 civitatibus
577 3053 644 3109 fore.
697 3051 919 3108 Adessefiuem
942 3052 1047 3125 regnis,
1069 3052 1109 3108 rei

147 3133 252 3188 “inter
281 3131 359 3188 Deos
387 3131 570 3205 hominesque
604 3129 832 3205 pulcherrimae.'’
887 3127 1021 3196 Porsena,
1049 3140 1108 3186 tum

147 3228 243 3284 regem
271 3227 333 3266 esso
360 3197 477 3275 Ro'maei
498 3219 558 3265 tum
586 3207 717 3265 Etruscae
738 3207 833 3282 gentis
853 3223 961 3282 regem,
984 3207 1119 3282 amplum·

147 3287 254 3344 Tuscis
268 3298 354 3356 ratus,
368 3286 492 3342 Romam
518 3287 620 3352 infesto
633 3285 760 3342 exercitu
776 3285 861 3342 venit.
902 3283 970 3342 Ncn
986 3305 1109 3361 unquam
1119 3311 1145 3350 35
1166 3293 1167 3298 ’
1185 3279 1188 3282 ’

147 3363 218 3422 alies
232 3365 297 3439 atate
311 3375 407 3420 tantus
431 3373 519 3422 terror
543 3364 683 3428 senatum'
697 3363 817 3420 invasit:
852 3361 924 3419 aded
949 3363 1041 3420 valida
1064 3382 1110 3420 res
1130 3418 1136 3423 .

147 3454 207 3499 turn
222 3441 342 3502 Clusina
363 3453 433 3507 erat,
456 3461 648 3516 magnumque
664 3441 795 3498 Porsenna
809 3459 923 3498 nomen.
965 3439 1030 3496 Nec
1046 3441 1110 3495 hos-

147 3531 190 3578 tes
212 3519 296 3576 modd
324 3515 476 3586 timebant,
500 3521 550 3576 sed
578 3531 705 3575 suosmet
733 3520 784 3593 ipsi
807 3517 951 3584 cives,'ne
976 3517 1128 3572 Romana·

10 3586 18 3608 '⁹
107 3611 108 3614 ’
145 3599 328 3674 plebe,'metu
348 3597 485 3673 perculsa,
510 3597 632 3672 receptis
657 3598 685 3652 in
711 3597 809 3652 urbem
833 3595 955 3668 regibus,
978 3594 1020 3649 vel
1042 3613 1108 3654 euru

13 3708 17 3719 ·
68 3721 72 3730 .
146 3677 281 3734 servitute
295 3676 396 3751 pac'em
411 3677 562 3751 acciperet.
605 3675 698 3733 Multa
719 3676 805 3748 igitur
827 3671 1144 3747 blandimentaplebim
1181 3719 1184 3722 ,

145 3773 196 3830 per
210 3755 239 3812 id
250 3767 362 3830 tempus
376 3755 524 3821 absenatn
539 3755 621 3811 data:
650 3771 771 3810 annonae
794 3748 933 3826 imprimis
952 3751 1048 3806 habita
1061 3767 1111 3807 cu·
