2632 4224
143 379 184 439 78
542 377 612 426 τιτι
623 376 714 427 mvn

143 519 261 578 interae
273 519 413 596 jungebat
427 518 546 575 animos.
588 518 624 576 Id
638 518 721 576 modo
736 539 792 576 non
802 518 1008 590 conveniebat;
1032 519 1145 601 qudd5

143 611 260 655 senatus
275 598 463 670 consulesque
487 615 626 671 nusquam
650 597 718 652 alibi
739 617 828 672 spem,
853 598 938 670 quam
964 597 992 654 in
1015 599 1140 671 armis,'a

143 678 306 750 ponebant:
335 675 432 751 plebes
445 675 551 746 omnia,
562 681 646 749 quam
661 675 777 741 bellum,
793 675 925 731 malebat.
968 677 1146 766 Sp.Nau·g

143 753 200 809 tius
218 754 277 829 jam
291 763 320 811 et
345 755 412 810 Sex.
426 752 531 809 Furius
553 753 686 809 consules
707 765 797 810 erant.
839 753 906 825 Eos,
926 766 1132 812 recensentes'

142 830 279 906 legiones,
293 832 425 907 praesidia
438 849 488 905 per
502 849 597 887 muros
621 830 740 904 aliaque,
762 831 790 888 in
804 831 907 905 quibus
921 832 1058 888 stationes
1073 833 1111 889 vi·
1125 831 1139 873 ·*

142 909 281 984 giliasque
295 929 358 966 esse
372 909 526 983 placuerat,
542 907 605 964 loca
618 909 830 979 distribuentes,
845 909 997 966 multitudo
1008 929 1111 984 iugens
1125 894 1145 1002 ἓ

141 1005 244 1060 pacem
271 987 448 1062 poscentium
475 986 597 1060 primum
625 987 759 1043 seditioso
786 987 909 1043 clamore
932 989 1110 1064 conterruit:
1119 1003 1145 1062 Ξ

142 1064 247 1122 deinde
263 1085 363 1122 vocare
382 1074 473 1134 senat
486 1083 511 1120 tn
547 1063 651 1198 referre
673 1065 709 1120 de
733 1064 835 1160 lepatis
847 1065 891 1123 ‚ad
916 1064 950 1122 C.
967 1064 1110 1122 Marcium

142 1142 290 1199 mittendis
304 1143 431 1217 coegit·
452 1084 569 1216 Aliddb'pb
587 1135 638 1198 lint
671 1139 688 1197 b
731 1128 947 1212 rirndili'l'atres
962 1155 1025 1217 post
1045 1163 1110 1200 uam

142 1221 281 1294 apparuit,
296 1221 391 1276 labare
406 1219 496 1294 plebis
511 1221 637 1288 animos;
676 1220 810 1294 missique
832 1220 868 1276 de
890 1240 962 1294 pace
984 1163 1145 1278 subter-10

142 1297 219 1354 cium
234 1310 359 1355 oratores
371 1308 452 1364 atrox
468 1317 634 1372 responsum
646 1299 819 1355 retulerunt:
847 1301 865 1332 “
878 1299 910 1356 Si
920 1299 1031 1356 Volscis
1043 1319 1127 1374 ager,

142 1378 160 1410 “
170 1375 346 1442 redderetur,
362 1395 444 1452 posse
458 1375 504 1450 agi
520 1375 556 1431 de
570 1395 658 1449 pace:
694 1377 717 1432 si
741 1377 838 1450 praedtl
859 1377 926 1433 belli
948 1397 998 1451 per
1020 1379 1110 1434 otium

142 1454 226 1510 “frui
251 1455 347 1520 velint,
371 1472 526 1510 memorem
549 1472 579 1509 se
603 1465 632 1510 et
653 1454 758 1509 civium
782 1454 903 1528 injurias,
918 1465 947 1512 et
968 1456 1111 1530 hospitum

142 1535 160 1566 “
172 1532 315 1601 beneficii,
327 1531 504 1601 adnisurum,
519 1542 549 1587 ut
563 1545 707 1605 appareat,
721 1531 822 1588 exsilio
836 1533 890 1588 sibi
905 1533 1037 1600 irritatos,
1053 1553 1110 1590 non

142 1613 161 1646 “
174 1611 286 1676 fractos,
315 1610 426 1665 animos
452 1610 543 1665 esse.'’
585 1609 693 1666 Iterum
721 1610 826 1666 deinde
848 1611 936 1668 iidem
960 1611 1037 1668 missi
1052 1625 1144 1668 nonis

141 1688 319 1762 recipiuntur
343 1687 373 1742 in
396 1698 497 1742 castra.
541 1689 712 1744 Sacerdotes
732 1707 853 1762 quoque,
869 1689 928 1745 suis
949 1689 1111 1765 insignibus

142 1767 257 1837 relatos,
272 1765 328 1821 isse
342 1765 486 1840 supplices
499 1766 535 1821 ad
550 1777 643 1822 castra
658 1767 789 1836 bostium,
803 1767 938 1824 traditum
954 1779 1016 1836 est;
1038 1769 1111 1824 nibi-
1131 1773 1192 1900 fl

116 1885 120 1893 ι
141 1845 169 1902 10
183 1845 273 1919 magis
287 1841 374 1918 quiam
388 1841 495 1918 legatos
509 1843 622 1900 flexisse
637 1845 772 1902 animum.
788 1863 800 1892 ν

1302 1967 1307 2018 l

96 1945 246 2075 “ql—xli.
268 2000 347 2058 Tum
363 2011 497 2059 matrouae
512 2003 547 2059 ad
562 2003 722 2073 Veturiam,
746 2013 866 2060 matrem
881 2002 1037 2074 Coriolani,
1052 2003 1110 2060 Vo-

140 2080 334 2154 lumniamque
350 2099 477 2146 uxorem,
493 2081 654 2155 frequentes
676 2085 798 2138 eodum:
830 2081 858 2138 id
881 2080 1028 2155 publicum
1042 2097 1144 2138 con-ao

140 2158 246 2228 silium,
260 2177 296 2214 an
312 2158 459 2215 muliebris
474 2159 556 2215 timor
571 2159 665 2225 fuerit,
680 2179 779 2233 parum
792 2159 914 2219 invenio.
957 2159 1119 2216 Pervictirev
1144 2167 1156 2196 ·'

141 2237 227 2306 certe,
243 2247 274 2292 ut
287 2248 317 2292 et
331 2235 460 2302 Veturia,
476 2256 581 2311 magno
599 2249 668 2292 natu
682 2237 791 2304 mulier,
811 2249 840 2293 et
858 2237 1023 2302 Volumnia,
1039 2237 1111 2294 duos
1136 2243 1141 2252 '

139 2333 240 2390 parvos
266 2332 303 2368 ex
325 2312 436 2370 Marcio
457 2314 550 2370 ferens
577 2314 657 2381 lilios,
685 2332 783 2368 secum
813 2313 842 2368 in
871 2331 964 2370 castra
986 2316 1108 2372 hostiurn
1202 2311 1206 2318 ’

135 2395 232 2459 ιίῐεηῑς
266 2401 305 2461 ot,
319 2409 404 2463 quam
426 2392 511 2448 armis
533 2392 584 2447 viri
605 2391 760 2446 defendere
782 2389 881 2446 urbem
904 2410 960 2448 nou
982 2403 1108 2466 possent,

140 2470 275 2526 mulieres
289 2469 422 2542 precibus
435 2469 624 2542 lacrymisque
648 2467 846 2526 defenderent.
888 2468 944 2524 Ubi
959 2471 994 2526 ad
1016 2481 1143 2526 castrass

140 2557 325 2610 ventumst,
347 2547 565 2621 nuntiatumque
574 2544 742 2615 Coriolano,
765 2547 865 2602 adesse
887 2546 990 2621 iugens
1010 2549 1110 2604 mulie·

141 2643 203 2684 rum
220 2645 333 2700 agmen,
349 2625 379 2680 in
394 2625 484 2699 primo
499 2624 603 2698 (utqui
618 2643 673 2680 nec
697 2625 814 2698 publicai
828 2624 975 2699 majestate
991 2626 1020 2682 in
1034 2626 1110 2702 lega·

140 2706 185 2775 tis,
200 2723 255 2762 nec
270 2705 299 2760 in
314 2703 509 2760 sacerdotibus
523 2702 601 2758 tantd
615 2701 708 2758 offusa
721 2702 813 2758 oeulis
832 2703 983 2777 animoque
998 2705 1109 2780 religio-

140 2802 177 2839 ne
191 2791 283 2839 motus
297 2783 385 2859 esset)
402 2779 491 2837 multb
506 2781 673 2838 obstinatior
696 2781 833 2841 adversus
856 2781 996 2856 lacrymas
1010 2783 1110 2839 mulie-

140 2862 205 2920 bres
219 2872 287 2917 erat.
330 2860 405 2916 Dein
421 2859 602 2917 familiarium
626 2859 752 2932 quidam,
776 2860 824 2932 qui
847 2859 989 2936 insignem
1004 2861 1143 2918 moesti-ao

139 2941 178 2998 tit
193 2940 266 2996 inter
281 2950 400 2996 ceteras
414 2949 586 3014 cognoverat
601 2938 758 3007 Veturiam,
774 2937 848 2996 inter
862 2957 966 2996 nurum
980 2951 1109 3014 nepotes-

139 3039 195 3093 que
209 3030 342 3085 stantem,
365 3017 459 3074 “Nisi
474 3036 519 3073 me
534 3016 734 3082 frustrantur‚''
757 3017 858 3090 inquit,
880 3021 899 3051 “
910 3019 996 3090 oculi,
1019 3029 1108 3074 mater

8 3163 9 3166 Ἴ
140 3097 219 3154 “tibi
241 3097 402 3171 conjuxque
423 3107 452 3152 et
472 3095 555 3152 liberi
576 3095 732 3152 adsunt.''·
761 3095 940 3163 Coriolanus,
969 3097 1054 3171 prope
1078 3107 1109 3152 ut

54 3229 56 3232 .
140 3195 239 3232 amens
253 3186 463 3240 consternatus,
475 3175 515 3230 'ab
536 3175 604 3230 sede
626 3177 676 3230 sua
697 3193 784 3248 quum
807 3175 893 3232 ferret
913 3176 995 3231 matri
1016 3174 1107 3231 obviae

140 3254 332 3328 complexum,
348 3253 449 3309 mulier
463 3253 492 3309 in
507 3253 579 3310 iram
593 3272 629 3310 ex
640 3253 776 3328 precibus
791 3272 880 3324 versa,
893 3258 910 3288 “
923 3255 1003 3321 Siue,
1018 3254 1143 3328 priusas

141 3340 160 3370 ‘⁴
171 3351 256 3408 quam
271 3332 449 3406 complexum
465 3331 590 3406 accipio,
600 3331 719 3404 sciam‚''
735 3331 835 3406 inquit,
856 3336 875 3368 “
888 3334 923 3390 ad
936 3333 1055 3402 hostem,
1070 3351 1107 3388 an
1143 3393 1145 3400 ,

139 3417 160 3450 “
172 3412 207 3467 ad
222 3411 319 3481 lilium,
335 3410 477 3467 venerim:
509 3409 621 3488 captiua
636 3422 774 3468 mater-ne
797 3411 826 3468 in
847 3413 946 3468 castris
960 3411 1016 3468 tuis
1029 3412 1105 3466 siml

141 3496 160 3526 “
170 3489 205 3546 In
221 3490 275 3546 ho'c
290 3508 335 3545 me
347 3489 432 3565 longa
454 3489 510 3545 vita
530 3501 558 3546 et
572 3487 683 3562 infelix·
693 3500 811 3548 senecta
823 3490 917 3556 traxit,
934 3500 964 3545 ut
978 3489 1105 3544 exsulem

140 3579 156 3603 ⁴‘
166 3579 203 3638 te,
226 3568 330 3626 deinde
353 3569 462 3625 hostem
485 3566 632 3624 videreml
673 3567 793 3624 Potuisti
815 3567 941 3642 populari
964 3567 1039 3622 lianc
1053 3577 1108 3626 ter·

141 3652 239 3713 “ram‚
253 3666 316 3721 quae
339 3661 365 3703 te
386 3646 486 3723 genuit
510 3657 594 3720 atque
616 3646 707 3704 aluitl
750 3645 816 3702 Non
837 3646 899 3714 tibi,
923 3645 1051 3719 quamvis
1065 3644 1142 3700 in-ao

141 3731 159 3764 ‘·
169 3725 240 3782 festo
254 3727 350 3783 animo
364 3738 392 3782 et
407 3725 512 3783 minaci
527 3743 706 3800 perveneras,
719 3723 890 3798 ingredienti
902 3723 973 3780 fines
982 3723 1023 3780 ira
1032 3723 1107 3779 ceci·

140 3801 233 3860 “ditt
255 3824 323 3872 non,
338 3825 424 3880 quurn
440 3806 469 3862 in
483 3813 640 3878 conspectu
655 3802 750 3858 Roma
764 3801 825 3868 fuit,
840 3804 991 3869 succurrit,
1006 3799 1108 3859 ‘Intra

1240 2151 1264 2186 ’κ
