2630 4228
527 343 631 394 LIBER
646 345 718 400 XXI.
750 357 850 396 σιω.
968 395 971 400 ,
1103 348 1159 410 171

199 501 259 550 erat
273 488 450 567 Saguntinis,
465 487 571 544 missile
582 487 681 558 telum,
695 486 788 544 hastili
803 486 934 562 abiegno,
956 495 985 542 et
1002 497 1106 547 caetera
1120 501 1162 548 te·

198 568 259 638 reti,
274 578 460 642 preterquam
475 566 510 622 ad
531 577 699 634 extremum,
721 565 798 620 unde
823 565 926 620 serrum
938 566 1086 622 exstabat:
1120 567 1160 642 id,

199 647 273 702 sicut
286 645 315 702 in
329 645 387 718 pilo
400 645 576 718 quadratum,
592 644 693 717 stuppa
706 642 953 717 circumligabant,
975 643 1159 718 linebantque

198 720 272 798 pice.
314 721 432 780 Ferrum
447 734 541 778 autem
556 721 743 795 treslongum
767 721 890 777 habebat
917 722 1013 795 pedes,
1038 733 1069 778 nt
1092 741 1159 779 cum

177 801 285 859 tarmis
311 799 475 874 transfigere
496 818 599 874 corpus
622 809 724 873 posset
767 799 825 854 Sed
840 799 868 854 id
893 797 1026 868 maxime,
1047 800 1159 857 etiamsi

199 879 327 936 haesisset
340 878 369 935 in
383 888 544 944 scuto‚'nec
558 877 733 952 penetrasset
756 876 786 932 in
801 895 912 950 corpus,
927 895 1057 950 pavorem
1073 877 1159 934 sacie-

200 955 265 1025 bat;
299 957 373 1030 qudd
400 973 486 1029 quum
514 955 639 1012 medium
668 972 821 1010 accensum
850 953 1015 1024 mitteretur,
1037 973 1160 1030 concep-

199 1043 315 1108 tumque
341 1034 402 1108 ipso
430 1043 508 1090 motu
538 1029 626 1090 multi)
654 1032 788 1106 majorem
822 1032 918 1110 ignem
953 1032 1048 1103 ferret,
1080 1051 1160 1089 arma

198 1113 289 1168 omitti
316 1111 446 1188 cogebat,
475 1111 641 1184 nudumque
671 1110 789 1167 militem
817 1110 853 1166 ad
880 1109 1063 1184 insequentes
1084 1111 1159 1167 ictus

167 1197 191 1238 1⁰
199 1190 349 1265 prebebat.

230 1305 293 1404 lX.
322 1344 486 1408 Quamdiu
507 1363 614 1420 anceps
634 1344 732 1401 fuisset
752 1354 906 1411 certamen,
929 1354 959 1400 et
980 1345 1157 1419 Saguntinis,

198 1424 264 1498 quia
277 1437 377 1499 praeter
390 1443 469 1498 spem
483 1423 656 1494 resisterent,
664 1421 819 1480 crevissent
832 1422 919 1478 animi
932 1440 940 1490 3
962 1421 1078 1494 Poenus,
1092 1423 1159 1496 quia

198 1521 255 1559 non
280 1502 402 1573 vicisset,
423 1519 474 1576 pro
494 1502 569 1558 uicto
589 1512 683 1569 esset3
717 1499 870 1556 clamorem
890 1499 1006 1574 repente
1024 1501 1157 1574 oppidani

199 1579 309 1651 tollunt,
323 1581 488 1654 hostemque
502 1580 531 1636 in
553 1579 649 1636 ruinas
671 1577 743 1634 muri
767 1578 928 1652 expelluut;
958 1578 1024 1634 iude
1040 1579 1158 1652 impedi-

166 1669 190 1709 re
199 1668 258 1714 tum
273 1657 516 1733 trepidantemque
527 1657 695 1724 exturbant3
718 1657 857 1730 postremi>
870 1655 961 1712 lusum
974 1655 1157 1730 fugatumque

199 1735 229 1792 in
250 1747 342 1794 castra
362 1736 502 1810 redigunt.
546 1735 663 1792 Interim
679 1734 715 1790 ab
729 1734 822 1790 Romi
837 1733 944 1808 legatos
959 1735 1069 1789 uertisse
1085 1753 1176 1790 nun-v

198 1813 298 1870 tiatunr
325 1823 384 1870 est:
416 1814 519 1888 quibus
540 1813 650 1870 obvium
673 1812 707 1868 ad
729 1830 805 1868 mare
826 1812 904 1868 missi
926 1811 962 1868 ab
980 1811 1158 1884 Hannibale,

198 1892 246 1966 qui
260 1893 398 1958 dicerent,
412 1910 466 1948 uec
480 1889 540 1948 turo
553 1907 602 1947 eos
623 1891 748 1946 adituros
762 1889 835 1946 iuter
853 1899 963 1946 tottam
978 1890 1157 1946 efferatarum
1173 1958 1176 1965 Ι

198 1971 325 2045 gentium
340 1989 435 2038 arma3
467 1988 521 2026 nec
537 1968 702 2038 Hannibali,
717 1968 746 2024 in
768 1978 846 2024 tauto
867 1967 1033 2024 discrimine
1053 1987 1157 2034 rernm,

165 2057 290 2122 woperae
311 2049 373 2104 esse
395 2048 556 2122 legationes,
578 2047 684 2102 audire.
740 2045 911 2122 Apparebat,
937 2061 993 2101 non
1021 2045 1159 2102 admissos

198 2125 326 2199 protinus
350 2124 553 2198 Carthaginem
564 2134 567 2140 '
578 2124 683 2181 ituros:
716 2123 812 2180 literas
833 2123 917 2198 igitur
932 2122 1101 2196 nuntiosque
1122 2125 1158 2180 ad

198 2203 342 2278 principes
356 2202 487 2259 factionis
508 2201 637 2258 Barcinae
654 2201 812 2276 premittit,
838 2212 868 2257 ut
885 2207 1075 2276 praepararent
1095 2219 1159 2260 sno·

198 2298 260 2338 rum
285 2281 404 2348 animos,
431 2297 468 2336 ne
491 2279 559 2354 quid
579 2297 651 2355 pars·
665 2279 752 2336 altera
771 2278 924 2355 gratificari
945 2297 996 2354 pro
1017 2277 1158 2336 Romanis

197 2371 324 2432 nosset·

163 2529 190 2570 aa
237 2512 275 2570 X.
307 2514 417 2588 Itaque,
430 2499 614 2590 preterquam
635 2515 710 2589 quod
731 2515 846 2574 admissi
867 2516 1010 2591 auditique
1025 2527 1102 2589 sunt,
1123 2535 1158 2574 aa

198 2609 307 2665 quoque
327 2611 399 2648 vana
413 2604 496 2666 atque
511 2592 588 2650 irrita
601 2592 704 2668 legatio
718 2593 778 2650 fuit.
820 2593 928 2650 Hanno
941 2613 1025 2665 unus,
1040 2596 1159 2652 adverso

198 2681 308 2739 senatu,
321 2688 436 2726 cansam
452 2670 574 2739 loederis,
588 2689 692 2745 magno
705 2671 817 2728 silentio
831 2683 942 2745 propter
960 2673 1155 2730 auctoritatem

197 2765 287 2818 suam,
302 2767 357 2806 non
373 2767 518 2804 assensum
542 2748 728 2815 audientium,
753 2749 830 2824 egit:
853 2749 936 2806 “Per
954 2747 1046 2818 Deos,
1069 2749 1157 2806 soede·

199 2834 287 2882 “rum
298 2826 417 2883 arbitros
430 2845 464 2884 ac
478 2835 573 2896 testes,
588 2827 740 2898 monuisse,
760 2825 922 2901 praedixisse
934 2845 973 2897 se,
988 2845 1025 2882 ue
1048 2827 1157 2884 Hamil·

163 2918 189 2958 ao
199 2911 216 2938 “
226 2904 299 2973 caris
313 2904 476 2979 progeniem
491 2903 527 2960 ad
548 2904 704 2960 exercitum
720 2905 881 2962 mitterent:
903 2924 960 2962 uon
975 2923 1083 2976 manes,
1098 2923 1155 2962 nou

198 2981 340 3055 “stirpem
360 2983 422 3056 ejus
443 2981 645 3055 conquiescere
660 2982 730 3051 viri3
752 3002 806 3040 uec
828 3002 963 3057 uuquam,
978 2983 1071 3038 donec
1091 3001 1157 3040 san·

197 3059 320 3134 “guinis
341 3060 519 3134 nominisque
549 3059 665 3117 Barcini
692 3062 840 3134 quisquam
868 3061 997 3134 supersit,
1026 3061 1156 3134 quietura

197 3135 358 3193 “Romana
379 3137 492 3196 soedera.
546 3137 686 3194 Juveucm
715 3138 880 3213 flagrantem
907 3138 1042 3214 cupidine
1063 3139 1155 3214 regni,

197 3214 354 3288 “viamque
369 3233 453 3272 unam
476 3215 511 3272 ad
533 3216 560 3271 id
576 3227 752 3285 cernentem,
767 3216 801 3287 si,
821 3235 856 3272 ex
879 3216 959 3273 bellis
974 3216 1047 3273 bella
1061 3236 1156 3274 seren·

161 3291 271 3358 w‘do,
286 3292 451 3349 succinctus
465 3293 550 3350 armis
563 3293 779 3368 legionibusque
801 3293 884 3366 vivat,
907 3295 983 3352 uelut
1007 3295 1154 3351 materiam

196 3370 283 3445 “igni
305 3370 474 3445 prebentes,
499 3371 534 3426 ad
559 3371 701 3428 exercitus
721 3372 854 3428 misistis:
888 3373 997 3430 aluistis
1010 3392 1079 3448 ergo
1100 3373 1155 3430 hoc

196 3457 215 3483 ‘⁴
224 3448 401 3520 incendium,
415 3467 470 3522 quo
483 3467 562 3504 nunc
578 3449 708 3506 ardeatis.
750 3451 910 3525 Saguntum
925 3451 1008 3508 vestri
1033 3451 1155 3508 circum·

196 3535 215 3561 ‘⁶
224 3527 317 3584 sideut
330 3527 482 3598 exercitus,
496 3527 572 3583 unde
587 3538 719 3584 arcentur
731 3525 854 3584 loedere:
870 3548 935 3586 mox
949 3529 1154 3605 Carthaginem

196 3605 467 3662 “circumsidebunt
490 3604 630 3662 Rornauae
651 3605 787 3680 legiones,
815 3607 937 3663 ducibus
957 3605 1057 3662 iisdem
1080 3607 1154 3670 Diis,

160 3691 215 3738 ⁴0¹⁶
224 3701 274 3758 per
287 3702 357 3756 quos
371 3683 462 3757 priore
477 3683 550 3759 bello
568 3695 649 3758 rupta
674 3683 780 3740 foedera
794 3695 860 3741 sunt
874 3684 934 3740 ulti.
976 3683 1076 3741 Utrrim
1091 3684 1154 3739 hos·

196 3769 214 3798 “
224 3772 291 3830 tem,
313 3779 350 3820 au
371 3779 429 3830 vos,
456 3779 494 3820 an
517 3761 657 3818 fortunam
688 3762 832 3836 utriusque
862 3761 968 3836 populi,
994 3761 1154 3838 ignoratisi
