2630 4228
149 347 205 410 lffl
538 345 607 394 'l'lTl
624 342 709 394 Ltvrt

145 487 243 546 vinum
256 496 285 542 et
297 485 397 561 epulas
410 485 505 542 caedes
518 486 684 550 amicornm,
706 495 738 542 at
751 483 903 542 vanitatem
917 484 1108 544 ementiendae

145 565 248 639 stirpis.
288 563 380 631 Quid,
395 565 419 621 si
440 565 498 620 vini
519 563 639 620 amorio
661 563 723 620 dies
744 561 824 626 fieret
848 563 962 618 acriori
990 564 1069 636 quid,
1082 565 1108 621 si

145 654 208 702 trux
223 661 258 698 ac
271 642 437 716 praefervida
451 643 513 698 iral
544 640 779 717 (necquidquam
803 640 920 696 dubium
936 640 1008 700 inter
1022 642 1109 716 scrip·

145 730 220 778 tores
233 739 263 776 re
266 719 338 794 lero)
353 719 469 776 nullane
483 721 546 776 haec
560 719 665 776 damna
689 717 874 792 imperatoriis
895 717 1044 774 uirtutibus
1058 720 1109 776 du·

145 798 260 856 cimusl
302 798 336 854 ld
351 816 417 854 vero
404 796 587 872 periculum
601 808 671 862 erat
689 795 777 871 (quod
791 795 925 852 levrasrmr
939 815 975 852 ex
988 796 1107 869 Grecis
1128 809 1143 848 ι

145 895 194 951 qur
186 869 376 932 Parthorum
398 894 509 950 quoque
530 886 630 932 contra
650 892 755 932 nomen
771 873 936 930 Romanum
950 874 1047 948 glorie
1068 874 1109 932 la·

145 963 222 1027 rent,
242 954 373 1010 dictitare
398 954 502 1030 solent)
534 971 571 1010 ne
601 953 777 1027 majestatem
807 952 930 1008 nominis
950 952 1108 1009 Alexandri

146 997 243 1108 (quein
258 1051 294 1088 ne
309 1032 384 1088 sama
397 1031 512 1106 quidem
531 1030 586 1088 illis
600 1042 698 1088 notum
713 1029 831 1086 arbitror
846 1029 947 1108 luisse)
968 1030 1109 1088 sustinere

145 1129 201 1166 non
215 1109 338 1184 potuerit
349 1109 468 1184 populus
484 1109 653 1166 Romanusl
675 1118 715 1173 et,
729 1108 863 1164 adversus
876 1126 961 1181 quem
976 1109 1107 1179 Athenio,

145 1189 174 1244 in
189 1188 302 1244 civitate
317 1187 406 1244 fracta
421 1185 614 1244 Macedonum
629 1186 724 1252 armis,
750 1196 886 1242 cernente
910 1196 970 1254 tum
985 1187 1107 1244 maxime
1118 1199 1142 1238 ro

143 1264 230 1355 propd
258 1265 400 1322 fumantes
427 1265 594 1324 Thebarum
615 1264 721 1333 ruinas,
749 1263 913 1322 concionari
937 1263 1024 1320 libere
1046 1265 1108 1322 ausi

146 1344 204 1400 sint
217 1344 346 1400 homines
369 1344 409 1414 (id
423 1343 497 1417 qnod
511 1361 547 1400 cx
561 1342 752 1400 monumentis
765 1342 924 1399 orationum
937 1345 1038 1420 patet),
1060 1344 1109 1400 ad·

146 1440 242 1478 tersus
255 1439 322 1479 eum
336 1439 421 1478 nemo
434 1441 470 1478 ex
484 1433 524 1478 tot
548 1422 749 1497 proceribus
725 1420 866 1478 Romanis
881 1439 978 1494 vqcom
989 1420 1108 1478 liberam

144 1501 282 1558 missurus
297 1500 400 1556 fueritl
439 1499 630 1560 Quantalibet
651 1499 818 1573 magnitudo
841 1485 965 1558 hominis
983 1500 1108 1574 concipi-

144 1589 206 1634 atur
222 1579 326 1648 animo,
342 1577 425 1634 unius
439 1593 533 1634 tamen
549 1595 584 1634 en
598 1577 765 1652 magnitudo
776 1576 899 1634 hominis
911 1577 973 1649 erit,
989 1577 1108 1652 collecta
1120 1587 1142 1627 1⁵

144 1656 228 1730 ριιιιΙό
241 1655 305 1730 plds
318 1623 418 1712 decem
434 1675 573 1712 annorum
588 1655 739 1712 felicitate:
761 1673 845 1728 quam
859 1655 950 1728 quien
938 1653 1106 1724 extollunt,

144 1731 220 1807 quod
236 1733 355 1822 populus
368 1733 529 1800 Romanus,
551 1735 604 1790 etsi
621 1733 698 1790 nullo
712 1733 794 1802 bello,
817 1734 913 1790 multis
926 1744 1021 1790 tamen
1035 1753 1107 1808 proe-

145 1811 189 1868 liis
204 1812 294 1868 victus
307 1811 353 1877 sit,
369 1811 533 1868 Alexandro
546 1812 652 1868 nullius
667 1827 770 1886 pugnae
781 1830 837 1868 non
853 1812 982 1868 secunda
996 1812 1108 1869 l'ortuna

144 1889 245 1958 luerit3
267 1907 324 1946 non
340 1889 513 1964 intelligunt,
527 1909 557 1946 se
577 1889 700 1948 hominis
724 1908 769 1946 res
789 1900 894 1963 gestas,
914 1899 943 1946 et
955 1888 1018 1964 ejus
1028 1890 1108 1965 juve·

144 1968 197 2037 nis,
212 1987 279 2025 cum
293 1968 389 2042 populi
401 1968 458 2043 jam
473 1968 742 2043 octingentesimum
757 1967 888 2023 bellantis
901 1987 1007 2024 annum
1022 1969 1141 2025 retuso

144 2048 284 2104 conferre.
327 2045 474 2112 Miremur,
499 2046 533 2112 si,
561 2065 649 2120 quum
669 2063 706 2102 ex
726 2045 781 2102 hac
802 2057 880 2120 parte
901 2045 1007 2106 saecula
1026 2045 1108 2121 plura

143 2137 338 2195 numerentur,
360 2125 443 2200 quim
467 2143 503 2181 err
524 2124 572 2182 illa
592 2123 668 2194 anni,
691 2121 753 2200 plris
774 2123 803 2180 in
817 2134 875 2180 tam
902 2123 986 2198 longo
1007 2125 1105 2198 spatio,

143 2203 228 2277 quam
243 2203 271 2260 iu
288 2213 369 2260 aetate
383 2203 521 2260 tredecim
535 2221 685 2269 annorum,
701 2202 813 2258 fortuna
826 2202 994 2258 variaveritl
1023 2201 1106 2262 Quin

144 2292 175 2338 tu
190 2281 312 2338 hominis
326 2299 392 2338 cum
407 2281 531 2346 homine,
544 2291 582 2336 et
595 2281 678 2336 ducis
691 2297 756 2336 curn
772 2281 855 2350 duce,
878 2280 1018 2336 fortunam
1040 2300 1105 2336 cnm
1121 2336 1123 2340 ,

143 2358 254 2416 fortuna
275 2358 411 2414 confers?
451 2357 532 2418 Quot
553 2358 702 2416 Romanos
719 2358 808 2414 duces
828 2358 984 2425 nominem,
1004 2359 1143 2433 quibus&

144 2455 288 2524 nunquam
303 2436 421 2492 adversa
435 2435 546 2492 fortuna
560 2455 664 2512 pugnae
679 2435 755 2492 suitl
798 2436 921 2511 Paginas
944 2436 974 2492 in
997 2435 1107 2494 annali·

144 2514 197 2570 bus
211 2514 425 2589 magistratuum
441 2514 575 2589 fastisque
594 2529 759 2589 percurrere
773 2514 851 2581 licet,
866 2514 1023 2585 consulum,
1046 2515 1106 2572 dic-

143 2603 328 2667 tutorumque
343 2605 462 2668 quorum
477 2612 531 2650 neo
545 2593 655 2650 virtutis
680 2611 734 2650 nec
749 2593 867 2658 fortunar
882 2593 939 2649 ullo
953 2591 1000 2649 die
1019 2611 1106 2668 popu·

142 2672 202 2728 lum
224 2671 390 2730 Romanum
404 2671 544 2746 poenituit.
587 2671 624 2728 Et
626 2670 704 2745 ‚qud
726 2671 784 2728 sint
805 2661 999 2738 mirabiliores,
1019 2689 1105 2744 quam

143 2749 308 2806 Alexander
323 2762 371 2808 aut
385 2751 533 2824 quisquam
547 2768 606 2815 rex,
620 2717 748 2806 denos
725 2767 894 2823 vicenosque
909 2750 970 2806 dies
990 2749 1140 2838 quidam&

143 2828 323 2899 dictaturam,
338 2845 423 2886 nemo
435 2827 497 2902 plds
511 2829 595 2902 quim
609 2847 717 2884 annum
740 2827 918 2888 consulatum
931 2827 1037 2902 gessit:
1069 2827 1106 2884 ab

143 2906 264 2964 tribunis
278 2907 368 2981 plebia
382 2907 510 2972 delectus
525 2906 652 2980 impediti
667 2917 752 2964 sunt:
781 2915 843 2980 post
856 2916 968 2980 tempus
982 2906 1019 2962 ad
1032 2905 1106 2962 bella

143 2983 253 3041 ierunt:
275 2996 341 3041 ante
355 2995 466 3060 tempus
480 2983 657 3040 comitiorum
672 2987 756 3040 causti
770 2983 893 3040 revocati
902 2994 983 3040 sunt:
1005 2983 1106 3057 inipso

143 3074 247 3118 conatu
262 3081 355 3119 rerum
369 3061 539 3137 circumegit
552 3081 582 3118 se
597 3080 706 3117 annus:
728 3061 844 3136 collegae
859 3071 936 3118 nunc
952 3061 1105 3133 temeritas,

97 3143 99 3148 ’
142 3159 221 3196 nunc
230 3141 359 3213 pravitas,
370 3141 573 3214 impedimento
585 3151 632 3196 aut
646 3140 751 3196 damno
760 3139 826 3196 fuit:
842 3140 913 3195 mule
924 3140 1012 3214 gestis
1021 3139 1139 3195 rebns³⁵

143 3217 257 3274 alterius
268 3236 433 3274 successum
443 3229 499 3275 est:
511 3218 631 3276 tironem
644 3228 692 3276 aut
700 3218 772 3276 mali
784 3218 932 3291 disciplina
946 3217 1119 3280 institutum,

142 3295 300 3351 exercitum
316 3307 497 3370 acceperunt.
520 3297 560 3352 At
573 3296 714 3370 (Hercule
724 3296 746 3371 l)
761 3313 843 3370 reges
854 3295 1104 3352 nonliberisoldm

142 3373 353 3445 impedimentis
376 3373 518 3439 omnibns,
546 3375 597 3430 sed
627 3374 735 3430 domini
766 3391 860 3430 rerum
881 3384 1104 3446 temporumque,

143 3451 257 3508 trahunt
287 3451 414 3509 consiliis
440 3463 555 3523 cuncta,
585 3471 642 3508 non
671 3462 835 3524 sequuntur.
889 3451 1017 3508 Invictus
1037 3468 1105 3525 ergo

143 3528 308 3599 Alexander
329 3549 395 3588 cum
418 3529 532 3586 invictis
552 3530 675 3586 ducibus
696 3529 770 3584 bella
789 3529 934 3604 gessisset,
955 3539 983 3586 et
1003 3527 1140 3584 eademrr

141 3606 261 3662 fortunae
281 3607 400 3682 pignora
422 3609 451 3664 in
472 3607 626 3664 discrimen
655 3607 820 3662 detulisset:
853 3607 941 3664 immo
964 3605 1104 3664 etiamad

142 3684 204 3756 plus
216 3685 335 3758 periculi
349 3686 480 3755 subisset,
502 3683 574 3757 qudd
600 3685 775 3740 Macedones
798 3703 885 3740 unum
909 3685 1105 3742 Alexandrum

143 3761 316 3831 habuissent,
331 3763 426 3820 multis
440 3761 555 3820 casibus
569 3781 627 3818 nou
651 3762 746 3818 solum
766 3762 930 3833 obnoxium,
953 3763 1003 3820 sed
1018 3762 1105 3822 etiam
