2630 4228
155 377 213 438 186
544 380 614 428 ΤΙΤΙ
631 378 714 430 LIVII

154 535 252 594 rogare
261 516 442 594 interpretem
453 518 546 595 jussit,
558 520 665 594 ecquis,
686 520 709 576 si
722 518 844 576 vinculis
863 517 1013 587 levaretur,
1023 539 1115 580 arma·

152 613 206 669 que
220 605 249 651 et
261 613 364 670 equum
380 597 468 654 victor
483 598 632 671 acciperet,
647 598 793 654 decertare
802 595 875 652 serro
886 595 990 652 vellet‘l
1009 597 1113 658 Quum

152 672 186 728 ad
203 691 291 729 unum
305 692 404 730 omnes
419 673 521 730 ferrum
536 693 716 748 pugnamque
730 683 889 748 poscerent,
904 681 933 730 ot
946 673 1060 748 dejecta
1080 676 1112 733 in

152 749 180 805 id
194 769 255 806 sors
275 762 357 820 esset,
379 771 410 808 se
430 752 547 826 quisque
567 769 634 808 eum
654 752 777 826 optabat,
796 769 879 824 quem
904 749 1017 817 ¹l'ortuua
1030 751 1059 809 in
1082 753 1112 810 id

151 837 296 884 certamen
310 827 426 902 legeret.
467 827 505 885 Ut
518 828 654 903 cujusque
668 847 728 886 sors
741 828 895 898 exciderat,
917 827 1022 895 alacer,
1037 829 1113 888 inter
1135 850 1149 890 a

150 905 324 979 gratulantes
337 905 442 982 gaudio
463 905 616 972 exsultans,
639 925 704 962 cum
725 905 769 962 sui
784 904 869 962 moris
889 905 1019 979 tripudiis
1033 926 1114 968 arma

151 982 252 1056 raptim
267 982 405 1056 capiebat.
447 983 501 1039 Ubi
516 981 582 1038 verb
594 983 772 1048 dimicarent,
788 983 812 1039 is
825 983 938 1040 habitus
952 983 1112 1044 animorum

151 1077 208 1116 non
222 1060 296 1116 inter
309 1059 437 1135 ejusdem
452 1059 534 1116 modo
548 1061 719 1117 conditionis
733 1061 863 1118 homines
874 1070 945 1126 erat,
960 1062 1010 1118 sed
1024 1063 1111 1120 etiarn

151 1137 223 1192 inter
237 1147 399 1212 spectantes
414 1135 506 1212 vulgo,
520 1147 551 1194 ut
565 1157 621 1194 non
636 1137 812 1196 vincentium
822 1137 922 1213 magis,
933 1135 1022 1214 qudm
1038 1139 1112 1198 bene

151 1213 342 1282 morientium,
358 1213 471 1272 fortuna
483 1215 654 1272 laudaretur.
807 1269 809 1272 .
840 1281 842 1286 ,
1123 1237 1148 1278 to

189 1369 302 1426 XLIII.
327 1369 405 1427 Dum
419 1371 461 1428 sic
475 1371 579 1446 aliquot
590 1371 723 1446 spectatis
737 1372 852 1446 paribus
862 1371 980 1440 affectos
990 1373 1112 1432 dImisis·

149 1458 202 1513 set,
224 1449 363 1506 concione
385 1449 451 1504 inda
472 1449 608 1505 advocata
629 1449 668 1506 ita
688 1451 761 1524 apud
790 1469 840 1507 eos
867 1450 979 1514 locutus
1000 1451 1110 1508 fertura

153 1531 172 1561 ‘⁴
181 1526 221 1594 Si,
235 1543 319 1600 quem
334 1525 461 1582 animum
475 1526 505 1582 in
524 1525 624 1583 alienas
644 1528 726 1584 sortis
736 1528 870 1602 exemplo
882 1527 967 1602 pauld
981 1529 1047 1586 ante
1062 1530 1111 1586 ha-

150 1609 169 1638 t·
180 1603 290 1675 buistis,
304 1604 436 1660 eumdem
450 1622 516 1660 mox
540 1604 570 1662 in
594 1605 762 1662 aestimandd
774 1605 885 1663 fortuna
909 1608 1001 1663 vestra
1022 1607 1111 1664 habu·

149 1686 168 1730 ‘t
177 1680 263 1750 eritis,
279 1680 408 1748 vicimus,
430 1681 550 1740 milites:
582 1701 676 1756 neque
702 1683 780 1739 enim
807 1683 1002 1757 spectaculum
1024 1684 1109 1742 modd
1121 1707 1146 1747 15

149 1765 168 1794 ‘⁶
177 1757 255 1828 illud,
271 1759 333 1814 vsed
357 1759 486 1834 quaedam
511 1760 597 1817 veluti
617 1761 711 1836 imago
725 1771 824 1817 restrae
845 1761 1018 1819 conditionis
1039 1773 1109 1822 erat.

149 1836 223 1892 “Ac
249 1837 351 1894 nescio,
377 1855 414 1894 an
445 1837 551 1912 majora
580 1838 695 1895 vincula
721 1839 896 1914 majoresque
924 1841 1110 1898 necessitates

149 1921 168 1950 “
178 1914 265 1982 vobis,
279 1913 364 1989 quam
379 1916 497 1991 captivis
510 1915 617 1988 vestris,
633 1915 759 1972 Fortuna
773 1916 1001 1976 circumdederit.
1032 1918 1110 1976 Dex-

149 1993 221 2050 “tra
234 1993 358 2068 laeraque
373 1993 430 2050 duo
453 1993 542 2050 maria
565 1993 712 2064 claudunt,
727 1993 847 2060 nullam,
869 2013 907 2050 ne
920 1995 956 2050 ad
970 1995 1108 2070 effugium

149 2077 169 2108 n
177 2071 301 2146 quidem,
315 2090 415 2128 narem
431 2071 619 2129 habentibusr
656 2069 759 2150 [circi]
782 2071 877 2128 Padus
898 2072 999 2146 amnis,
1021 2073 1144 2148 majorae

149 2148 272 2206 “Padus
285 2169 319 2206 ac
333 2150 479 2208 violentior
494 2149 654 2217 Rhodan03
685 2149 721 2206 ab
735 2160 814 2225 tergo
829 2149 918 2224 Alpes
932 2161 1045 2226 urgent,
1062 2152 1108 2208 rix

149 2227 295 2302 “integris
309 2228 386 2285 vobis
400 2247 435 2284 ac
449 2227 609 2303 vigentibus
622 2227 755 2284 transita.
799 2227 855 2284 Hic
870 2227 1042 2285 vincendum
1059 2228 1109 2286 aut

149 2311 167 2342 “
178 2305 365 2372 moriendum,
381 2305 494 2375 milites,
507 2314 559 2371 est,
574 2304 622 2372 ubi
636 2303 759 2379 primum
784 2305 856 2362 hosti
869 2305 1050 2377 occurristis:
1079 2317 1109 2364 et

149 2389 167 2420 “
177 2383 277 2438 eadem
291 2383 411 2451 fortuna,
425 2401 487 2456 quaa
502 2381 700 2439 necessitatem
721 2383 868 2458 pugnandi
881 2383 1023 2458 imposuit,
1037 2403 1131 2458 prae·,.

149 2465 168 2499 ‘⁴
177 2459 234 2516 mia
254 2459 332 2516 vobis
345 2479 380 2517 ea
393 2460 545 2517 victoribus
558 2461 696 2534 proponit,
710 2461 813 2534 quibus
827 2460 962 2534 ampliora
976 2461 1106 2518 homines
1115 2481 1143 2520 ss

149 2545 167 2576 “
177 2557 213 2595 ne
228 2537 263 2594 ab
278 2537 341 2595 Diis
354 2538 467 2613 quidem
483 2537 687 2595 immortalibus
707 2549 804 2612 optare
825 2537 926 2595 solent.
967 2539 999 2595 Si
1014 2539 1107 2596 Sicili-

149 2622 168 2656 “
179 2636 224 2674 am
238 2617 352 2678 tantum
366 2635 400 2674 ac
414 2617 585 2685 Sardiniam,
609 2616 773 2691 parentibus
789 2615 899 2688 nostris
910 2627 1029 2694 ereptas,
1044 2635 1108 2676 nos·

149 2701 167 2734 “
177 2697 220 2753 trd
240 2695 341 2753 virtute
356 2695 548 2770 recuperaturi
562 2713 697 2763 essemus,
712 2694 780 2750 satis
800 2704 896 2750 tamen
910 2693 1003 2768 ampla
1016 2695 1108 2769 pretia

149 2780 280 2832 “essent
320 2773 469 2848 Quidquid
485 2772 611 2830 Romani
634 2782 674 2829 tot
692 2772 841 2847 triumphis
864 2783 975 2846 partum
989 2790 1108 2848 conges-

149 2859 292 2928 “tumque
305 2852 460 2928 possident,
476 2851 599 2908 idemne
613 2861 736 2908 restrum
760 2868 826 2906 cum
848 2849 916 2924 ipsis
930 2849 1052 2908 dominis
1066 2849 1143 2908 suaa

149 2937 269 2988 “turum
284 2946 336 2988 est.
377 2930 413 2986 In
428 2930 573 2985 haustam
595 2928 717 3003 opimam
738 2929 911 2998 mercedem,
932 2928 1018 3003 agite,
1039 2946 1108 3002 cum

149 3010 240 3068 “Diis
254 3010 327 3066 bene
347 3007 511 3084 juvantibus
534 3007 727 3082 armacapite.
770 3006 846 3082 Satis
869 3007 963 3062 adhuc
978 3006 1008 3062 in
1022 3005 1108 3064 rastis
1177 3017 1180 3022 '

149 3087 332 3145 “Lusitaniae
359 3085 576 3158 Celtiberiaeque
597 3085 749 3154 montibus,
780 3102 884 3159 pecora
903 3083 1106 3154 consectando,

148 3165 285 3222 “nullum
300 3164 521 3221 emolumentum
536 3173 577 3220 tot
597 3161 723 3220 laborum
737 3161 983 3236 periculorumque
1004 3171 1109 3220 restro·

148 3250 238 3300 “rum
260 3243 387 3298 vidistis:
416 3255 527 3316 tempus
540 3252 582 3298 est
599 3241 668 3316 jam,
689 3240 824 3314 opulenta
843 3258 892 3296 vos
913 3257 948 3296 ac
968 3239 1038 3296 ditia
1059 3238 1143 3296 sti-³5

149 3321 281 3396 “pendia
295 3320 398 3391 secere,
412 3331 441 3376 et
455 3337 558 3394 magna
571 3337 663 3394 operae
677 3317 767 3392 pretia
780 3317 892 3388 mereri,
906 3325 1015 3374 tantum
1025 3316 1108 3374 itine-

148 3405 167 3437 “
177 3400 215 3456 ris
228 3418 277 3474 per
291 3408 332 3454 tot
345 3407 454 3464 montes
468 3397 640 3470 fluminaque
654 3405 682 3452 et
703 3405 744 3454 tot
757 3405 878 3452 armatas
897 3405 998 3470 gentes
1011 3413 1108 3452 emen·

148 3483 230 3534 “sos.
273 3477 332 3534 Hic
353 3475 431 3533 vobis
455 3475 606 3530 terminum
627 3473 753 3530 laborum
776 3471 903 3528 Fortuna
924 3473 1021 3529 dedit:
1059 3471 1108 3529 hic

149 3557 294 3632 “diguam
308 3554 471 3612 mercedem
492 3551 618 3608 emeritis
632 3551 780 3626 stipendiis
795 3549 882 3608 dabit.
924 3550 1000 3622 Nec,
1021 3548 1107 3624 quarn

149 3639 169 3672 “
178 3635 275 3710 magni
290 3631 414 3690 nominis
428 3630 533 3686 bellurn
547 3640 598 3698 est,
614 3640 671 3686 tam
686 3629 830 3686 difficilem
844 3628 1037 3684 existimaritis
1050 3627 1108 3692 vic·
1117 3645 1143 3685 tc

149 3713 278 3769 “teriam
292 3711 360 3768 fore.
402 3710 485 3782 Saepe
504 3718 533 3764 et
553 3717 731 3780 contemptus
745 3705 832 3762 hostis
852 3715 1002 3762 cruentum
1017 3715 1109 3764 certa·

150 3794 244 3846 “men
271 3788 369 3855 edidit,
391 3796 420 3844 et
447 3784 544 3859 inclyti
566 3784 660 3858 populi
682 3801 817 3858 regesque
838 3783 943 3856 perlevi
964 3793 1110 3842 momento
