2630 4228
510 1367 634 1402 latrem
646 1369 726 1416 lamii
739 1369 853 1413 quanm.

235 1491 255 1532 1,
267 1479 312 1528 &a
340 1477 393 1524 Lex
404 1479 433 1524 de
446 1479 565 1524 connubio
577 1478 672 1525 Parrum
684 1485 708 1526 et
720 1481 817 1538 plebiae
829 1477 926 1526 tribunis
936 1477 1011 1536 plebio
1022 1477 1156 1538 contentio·

203 1534 336 1600 managnai,
346 1540 451 1586 Patribus
462 1541 655 1600 repugnantibus,
664 1541 750 1598 perlate
760 1547 804 1586 est.
822 1554 860 1585 vr.
870 1553 919 1584 vir.
928 1537 1028 1585 Tribuni
1039 1539 1158 1586 militat-ee.

204 1600 287 1649 Aliquot
296 1600 354 1638 anni·
363 1611 393 1638 rer
401 1600 469 1648 popuii
479 1600 565 1638 Romani
573 1601 627 1638 domi
635 1601 749 1657 militiaeque
758 1611 792 1648 per
801 1601 839 1638 boo
847 1611 911 1648 geum
920 1598 1051 1656 magittratiio
1063 1599 1158 1637 adminin-

204 1653 322 1686 tretosunt.
349 1648 399 1686 item
408 1649 785 1696 oenaeresluneprinuimerentraunt.
813 1647 1158 1696 Ager,iirdeattbuepopuiiRome·

203 1695 224 1733 ni
231 1697 307 1744 judicio
316 1697 403 1744 ablatus,
413 1695 477 1734 mimis
492 1696 512 1734 in
524 1708 569 1735 eum
578 1697 662 1744 colonie,
672 1697 776 1735 restitutur
785 1701 823 1734 ert.
850 1695 919 1736 Quum
928 1695 980 1734 same
993 1695 1077 1743 populun
1088 1695 1160 1732 Rome·

204 1755 241 1782 nus
248 1744 356 1792 laboraret,
365 1745 400 1792 Sp.
411 1744 496 1792 arelius,
504 1755 564 1793 eque·
580 1745 688 1794 Romanus,
702 1745 822 1782 frumentum
838 1745 912 1792 populu
926 1745 963 1782 aua
979 1743 1067 1790 impenrd
1077 1742 1159 1791 largitu·

204 1798 248 1842 eet5
261 1798 290 1839 et,
298 1793 323 1830 ob
332 1793 352 1830 id
361 1792 436 1830 facturn
445 1792 554 1832 aoncitime
561 1793 599 1832 ribi
609 1793 673 1840 plebe,
683 1804 763 1840 rognum
773 1793 878 1840 affectans,
887 1791 930 1830 ιθ.
940 1791 1026 1830 Servilio
1034 1790 1108 1846 nield,
1117 1801 1160 1828 tue·

218 1839 266 1878 'etro
275 1841 436 1890 equitum‚juttu
445 1840 527 1881 Quintii
540 1841 656 1880 Cincinnati
669 1841 782 1885 dictatoris.
799 1841 878 1878 eeeitm
887 1845 932 1878 eat:
953 1839 977 1878 1..
989 1839 1090 1876 Minucius
1100 1839 1159 1876 iudex

229 1899 253 1926 va
262 1889 424 1930 aurutbtlouetue
433 1895 471 1928 eat.
498 1889 580 1936 Legati·
593 1889 711 1926 Romeniea
728 1888 857 1926 Fidenatibus
871 1887 951 1934 occisio,
966 1887 1061 1936 quonium
1074 1887 1099 1924 ob
1108 1897 1160 1924 tem-

203 1935 304 1983 publioam
318 1937 460 1984 occubuerant,
476 1942 549 1974 auitae
562 1937 581 1974 in
597 1936 674 1974 Rostris
690 1935 760 1984 positar
773 1940 827 1974 runt.
854 1935 928 1974 Oomut
941 1935 1054 1980 Cornelius,
1068 1934 1159 1972 tribunus

202 1983 298 2032 miiitum,
314 1983 382 2022 occiso
394 1983 502 2022 Tolumnio
519 1995 566 2032 rege
581 1983 705 2033 Vejeutium‚
719 1984 786 2031 opima
799 1983 863 2030 spolia
882 1984 970 2022 necunde
989 1982 1067 2020 retulit.
1095 1981 1157 2020 bium.

203 2031 298 2070 AEmiliur
307 2031 401 2080 dictator,
410 2043 497 2072 oeoeuret
503 2032 584 2079 honore,
593 2036 626 2080 qui
637 2039 696 2070 autea
705 2043 738 2078 per
747 2031 902 2080 quinquennium
925 2031 1027 2078 erebatut,
1037 2029 1085 2067 enni
1094 2035 1115 2068 et
1123 2041 1158 2068 aex

202 2079 301 2116 mensium
310 2078 376 2126 spatio
384 2079 449 2127 finito,
456 2080 483 2116 ob
491 2091 535 2117 eam
544 2091 583 2117 rem
593 2080 727 2118 noenrorilrm
736 2086 816 2116 notatur
824 2087 861 2117 eet.
879 2043 960 2117 Fidenae
971 2079 990 2116 iu
1000 2084 1121 2125 potestatem
1128 2090 1160 2116 re·

202 2126 275 2172 dacter,
283 2129 346 2174 eoque
355 2127 420 2164 coloni
430 2127 540 2165 missisunt
550 2140 555 2165 :
581 2128 639 2165 uibus
646 2127 727 2174 ooaiaie,
737 2127 850 2174 Fidenates,
865 2139 925 2176 quum
935 2127 1061 2173 delirabant,
1075 2137 1086 2163 a
1096 2126 1158 2164 Mam.

202 2173 288 2212 AEmilie
302 2175 399 2212 diotatore
410 2174 521 2223 victimat,
536 2181 557 2213 et
568 2139 652 2213 tllidenau
665 2181 735 2230 cepte.
761 2174 879 2222 conjuratio
888 2185 993 2212 serrorum
1007 2185 1104 2222 uppremo
1117 2182 1155 2212 eet·

203 2221 326 2270 Ponuntur,
335 2222 425 2260 tribuum
434 2223 527 2271 miiitum,
536 2231 615 2308 profiter
624 2223 763 2261 crudelitatem
771 2223 797 2259 ab
804 2222 893 2262 exercitu
902 2223 982 2263 oeoiaus
991 2229 1030 2260 ert.
1056 2221 1158 2269 Stipendi-

203 2281 237 2307 um
247 2269 349 2308 exerario
358 2276 400 2308 tunt
415 2269 500 2318 primum
515 2270 574 2308 militi
589 2283 612 2308 ua
621 2271 689 2310 datum
698 2275 737 2308 eat.
763 2269 805 2308 no·
821 2277 916 2318 preterea
931 2276 996 2318 gestes
1005 2270 1098 2308 adventu
1109 2269 1159 2308 Vel-

202 2323 287 2404 ”⁰4⁵de
295 2317 408 2367 Fidenetoo,
416 2317 438 2356 et'
446 2317 543 2368 Faiiteoe,
551 2319 647 2358 eontinet.
662 2319 725 2371 [cir.
736 2329 776 2356 r-
783 2329 831 2356 ιιι.
849 2329 870 2358 u.
879 2331 900 2356 o.
909 2319 953 2357 ³10.
960 2319 1033 2358 -351,
1064 2330 1085 2356 a.
1093 2329 1114 2356 o.
1121 2318 1159 2357 449

201 2385 228 2395 “““
270 2387 286 2418 'J

167 2605 195 2640 ‘³
242 2593 266 2649 Ι.
309 2635 374 2651 ...
397 2635 404 2650 .
425 2633 433 2648 .
455 2592 496 2650 M.
509 2594 657 2650 Genucius
677 2605 706 2650 et
719 2594 752 2650 C.
768 2594 885 2650 Curtius
907 2591 1047 2650 eonsules.
1090 2589 1158 2648 Fuit

168 2640 188 2748 ἓ
202 2689 295 2726 annus
308 2670 384 2726 domi
399 2670 520 2747 forisque
531 2671 666 2728 infestus:
690 2689 755 2726 nam
773 2671 840 2725 anui
850 2668 988 2743 principio
1001 2677 1029 2722 et
1042 2668 1078 2723 de
1089 2685 1158 2724 oon-

173 2751 188 2804 ⁰.
203 2749 290 2804 nubio
304 2747 418 2804 Petrum
432 2757 460 2802 et
474 2747 563 2821 piebis
587 2748 621 2804 C.
636 2747 801 2821 Canulejus‚
821 2747 950 2802 tribunus
964 2743 1062 2818 piebis,
1077 2761 1158 2817 roga-

174 2811 187 2898 ⁴·
202 2825 308 2881 tionem
323 2824 525 2898 promulgavit3
546 2825 601 2897 quit
615 2823 811 2880 contaminari.
824 2823 992 2896 sanguinem
1006 2839 1088 2875 suunt
1105 2821 1158 2876 Pa-

168 2900 187 2972 Ξ
202 2913 268 2967 tres,
284 2901 477 2974 oonsundique
488 2901 551 2975 jura
565 2902 703 2976 gentium,
717 2901 869 2955 rebantur:
890 2909 919 2956 et
933 2897 1048 2968 mentio,
1065 2895 1155 2975 primo

174 2989 187 3032 o·
202 2979 307 3034 sensim
322 2979 399 3034 illata
413 2997 429 3033 a
442 2977 572 3043 tribunis,
598 2987 628 3034 ut
645 2977 765 3033 aiterum
778 2995 814 3032 ex
828 2977 908 3050 plebe
929 2974 1076 3031 consulem
1090 2973 1158 3029 liee-

168 3051 246 3116 §.ret
259 3055 330 3121 fieri,
345 3053 378 3110 ed
392 3055 527 3129 prooessit
548 3054 661 3123 deinde,
686 3064 717 3110 ut
740 3053 912 3127 rogationem
937 3063 1037 3106 novem
1051 3051 1157 3108 tribuni

202 3133 421 3206 promulgarent,
436 3135 454 3165 “
464 3144 494 3186 ut
507 3132 609 3205 populo
619 3141 740 3203 potestas
748 3139 831 3194 esset,
847 3129 944 3184 sende
958 3127 1048 3202 plebe,
1061 3147 1111 3184 seu
1121 3128 1157 3184 de

202 3215 222 3246 “
232 3209 361 3265 Patribus
369 3209 461 3273 veliet,
471 3209 602 3264 eonsules
611 3208 761 3264 faciendi.''
784 3205 817 3261 Id
829 3203 893 3261 verb
904 3206 927 3261 si
937 3205 1024 3276 fieret,
1034 3225 1090 3261 non
1100 3205 1159 3260 vul·

169 3287 262 3360 rogari
278 3283 359 3342 mod&
373 3303 439 3340 oum
453 3283 567 3350 infimis,
580 3285 628 3340 sed
644 3303 756 3358 prorsus
767 3283 869 3339 auferri
894 3301 911 3339 a
938 3283 1107 3356 primoribus
1121 3283 1157 3338 ad

167 3391 172 3398 ·
202 3363 324 3436 piebem,
346 3379 488 3417 summum
502 3361 650 3434 imperium
665 3361 827 3416 eredebant.
869 3360 940 3416 Laeti
954 3378 1022 3433 ergo
1043 3359 1157 3415 audiere

204 3439 310 3505 Patres,
326 3439 493 3494 Ardeatium
508 3437 641 3512 populum
664 3438 700 3492 ob
724 3437 854 3512 injuriam
869 3437 928 3511 egri
943 3436 1096 3510 abjudicati
1110 3436 1158 3492 de-

204 3516 302 3582 eoisse,
323 3526 352 3571 et
380 3516 514 3590 Vejentes
534 3515 716 3589 depopulatos
738 3519 865 3571 extrema
893 3513 952 3587 agri
973 3513 1109 3583 Romani,
1129 3523 1158 3569 et

205 3594 324 3650 Volscos
339 3593 501 3665 AEquosque
524 3593 783 3648 obootnmunitam
807 3592 993 3665 Verruginem
1020 3591 1157 3646 fremere:

172 3670 275 3734 madet]
291 3671 332 3726 vel
348 3670 446 3726 infelix
462 3670 565 3726 bellurn
581 3669 775 3744 ignominiosae
790 3668 853 3743 paci
867 3667 1060 3742 praeserebant.
1104 3665 1158 3722 His
