<?xml version="1.0" encoding="UTF-8"?>
<!DOCTYPE html PUBLIC "-//W3C//DTD XHTML 1.0 Transitional//EN"
    "http://www.w3.org/TR/xhtml1/DTD/xhtml1-transitional.dtd">
<html xmlns="http://www.w3.org/1999/xhtml" xml:lang="en" lang="en">
 <head>
  <title>
</title>
<meta http-equiv="Content-Type" content="text/html;charset=utf-8" />
  <meta name='ocr-system' content='tesseract 3.04.00' />
  <meta name='ocr-capabilities' content='ocr_page ocr_carea ocr_par ocr_line ocrx_word'/>
</head>
<body>
  <div class='ocr_page' id='page_1' title='image "./historiarumetse01livygoog_0253.png"; bbox 0 0 2620 4220; ppageno 0'>
   <div class='ocr_carea' id='block_1_1' title="bbox 158 337 729 406">
    <p class='ocr_par' dir='ltr' id='par_1_1' title="bbox 158 337 729 406">
     <span class='ocr_line' id='line_1_1' title="bbox 158 337 729 406; baseline -0.002 -17"><span class='ocrx_word' id='word_1_1' title='bbox 158 341 219 406; x_wconf 67' lang='lat'><strong>24⁰</strong></span> <span class='ocrx_word' id='word_1_2' title='bbox 527 361 530 366; x_wconf 93' lang='lat'><em>·</em></span> <span class='ocrx_word' id='word_1_3' title='bbox 558 340 627 390; x_wconf 82' lang='lat' dir='ltr'><strong>mm</strong></span> <span class='ocrx_word' id='word_1_4' title='bbox 644 337 729 390; x_wconf 83' lang='lat' dir='ltr'><strong>mvn</strong></span> 
     </span>
    </p>
   </div>
   <div class='ocr_carea' id='block_1_2' title="bbox 156 481 1156 2108">
    <p class='ocr_par' dir='ltr' id='par_1_2' title="bbox 156 481 1156 2108">
     <span class='ocr_line' id='line_1_2' title="bbox 158 481 1121 558; baseline -0.006 -12"><span class='ocrx_word' id='word_1_5' title='bbox 158 486 295 558; x_wconf 77' lang='lat' dir='ltr'><strong>hostibus,</strong></span> <span class='ocrx_word' id='word_1_6' title='bbox 303 481 387 541; x_wconf 92' lang='lat' dir='ltr'><strong>simul</strong></span> <span class='ocrx_word' id='word_1_7' title='bbox 396 499 461 540; x_wconf 87' lang='lat' dir='ltr'><strong>cunr</strong></span> <span class='ocrx_word' id='word_1_8' title='bbox 471 481 530 538; x_wconf 87' lang='lat' dir='ltr'><strong>suis</strong></span> <span class='ocrx_word' id='word_1_9' title='bbox 541 491 711 556; x_wconf 75' lang='lat' dir='ltr'>cogerentur</span> <span class='ocrx_word' id='word_1_10' title='bbox 719 499 869 539; x_wconf 78' lang='lat' dir='ltr'><strong>conserere</strong></span> <span class='ocrx_word' id='word_1_11' title='bbox 878 497 995 540; x_wconf 87' lang='lat' dir='ltr'><strong>manus:</strong></span> <span class='ocrx_word' id='word_1_12' title='bbox 1009 499 1068 539; x_wconf 89' lang='lat' dir='ltr'><strong>non</strong></span> <span class='ocrx_word' id='word_1_13' title='bbox 1076 491 1121 540; x_wconf 83' lang='lat' dir='ltr'><strong>ta·</strong></span> 
     </span>
     <span class='ocr_line' id='line_1_3' title="bbox 157 559 1119 637; baseline -0.004 -17"><span class='ocrx_word' id='word_1_14' title='bbox 157 564 277 620; x_wconf 84' lang='lat' dir='ltr'><strong>menits</strong></span> <span class='ocrx_word' id='word_1_15' title='bbox 289 559 436 637; x_wconf 90' lang='lat' dir='ltr'><strong>perculsos</strong></span> <span class='ocrx_word' id='word_1_16' title='bbox 449 560 588 634; x_wconf 86' lang='lat' dir='ltr'><strong>iratosque</strong></span> <span class='ocrx_word' id='word_1_17' title='bbox 603 559 632 615; x_wconf 94' lang='lat' dir='ltr'><strong>in</strong></span> <span class='ocrx_word' id='word_1_18' title='bbox 647 559 738 615; x_wconf 88' lang='lat' dir='ltr'><strong>aciem</strong></span> <span class='ocrx_word' id='word_1_19' title='bbox 753 560 908 634; x_wconf 71' lang='lat' dir='ltr'><strong>accepere;</strong></span> <span class='ocrx_word' id='word_1_20' title='bbox 923 560 983 631; x_wconf 90' lang='lat' dir='ltr'><strong>sed,</strong></span> <span class='ocrx_word' id='word_1_21' title='bbox 992 560 1119 616; x_wconf 83' lang='lat' dir='ltr'><strong>densetis</strong></span> 
     </span>
     <span class='ocr_line' id='line_1_4' title="bbox 157 635 1129 711; baseline -0.004 -14"><span class='ocrx_word' id='word_1_22' title='bbox 157 641 313 711; x_wconf 87' lang='lat' dir='ltr'>ordinibus,</span> <span class='ocrx_word' id='word_1_23' title='bbox 327 639 357 696; x_wconf 92' lang='lat' dir='ltr'><strong>in</strong></span> <span class='ocrx_word' id='word_1_24' title='bbox 368 655 476 695; x_wconf 87' lang='lat' dir='ltr'><strong>cornua</strong></span> <span class='ocrx_word' id='word_1_25' title='bbox 484 655 661 710; x_wconf 84' lang='lat' dir='ltr'><strong>vacuumque</strong></span> <span class='ocrx_word' id='word_1_26' title='bbox 670 635 747 692; x_wconf 69' lang='lat' dir='ltr'><strong>circei</strong></span> <span class='ocrx_word' id='word_1_27' title='bbox 759 655 891 710; x_wconf 89' lang='lat' dir='ltr'><strong>campum</strong></span> <span class='ocrx_word' id='word_1_28' title='bbox 900 647 979 692; x_wconf 91' lang='lat' dir='ltr'><strong>extra</strong></span> <span class='ocrx_word' id='word_1_29' title='bbox 987 637 1129 711; x_wconf 85' lang='lat' dir='ltr'><strong>proelirtm·</strong></span> 
     </span>
     <span class='ocr_line' id='line_1_5' title="bbox 157 713 1121 794; baseline -0.005 -19"><span class='ocrx_word' id='word_1_30' title='bbox 157 719 278 794; x_wconf 66' lang='lat' dir='ltr'><strong>ejecere,</strong></span> <span class='ocrx_word' id='word_1_31' title='bbox 288 735 325 773; x_wconf 93' lang='lat' dir='ltr'><strong>ne</strong></span> <span class='ocrx_word' id='word_1_32' title='bbox 334 713 450 792; x_wconf 79' lang='lat' dir='ltr'><strong>pavidos</strong></span> <span class='ocrx_word' id='word_1_33' title='bbox 459 714 525 789; x_wconf 69' lang='lat' dir='ltr'><strong>lugi</strong></span> <span class='ocrx_word' id='word_1_34' title='bbox 537 713 753 786; x_wconf 82' lang='lat' dir='ltr'><strong>vulneribusque</strong></span> <span class='ocrx_word' id='word_1_35' title='bbox 762 713 866 770; x_wconf 80' lang='lat' dir='ltr'>milites</span> <span class='ocrx_word' id='word_1_36' title='bbox 876 713 905 769; x_wconf 93' lang='lat' dir='ltr'><strong>in</strong></span> <span class='ocrx_word' id='word_1_37' title='bbox 917 723 1025 770; x_wconf 88' lang='lat' dir='ltr'><strong>certam</strong></span> <span class='ocrx_word' id='word_1_38' title='bbox 1035 724 1065 770; x_wconf 90' lang='lat' dir='ltr'><strong>et</strong></span> <span class='ocrx_word' id='word_1_39' title='bbox 1076 714 1121 770; x_wconf 90' lang='lat' dir='ltr'><strong>in·</strong></span> 
     </span>
     <span class='ocr_line' id='line_1_6' title="bbox 157 791 1143 871; baseline -0.008 -19"><span class='ocrx_word' id='word_1_40' title='bbox 157 805 266 871; x_wconf 88' lang='lat' dir='ltr'><strong>tegram</strong></span> <span class='ocrx_word' id='word_1_41' title='bbox 276 794 367 850; x_wconf 84' lang='lat' dir='ltr'><strong>aciem</strong></span> <span class='ocrx_word' id='word_1_42' title='bbox 376 793 537 849; x_wconf 75' lang='lat' dir='ltr'><strong>miscerent.</strong></span> <span class='ocrx_word' id='word_1_43' title='bbox 559 791 705 848; x_wconf 76' lang='lat' dir='ltr'><strong>Caeterum</strong></span> <span class='ocrx_word' id='word_1_44' title='bbox 714 800 793 846; x_wconf 89' lang='lat' dir='ltr'><strong>tanta</strong></span> <span class='ocrx_word' id='word_1_45' title='bbox 803 802 911 865; x_wconf 85' lang='lat' dir='ltr'><strong>strages</strong></span> <span class='ocrx_word' id='word_1_46' title='bbox 919 791 1066 848; x_wconf 91' lang='lat' dir='ltr'><strong>hominum</strong></span> <span class='ocrx_word' id='word_1_47' title='bbox 1077 803 1143 848; x_wconf 87' lang='lat' dir='ltr'><strong>ar·s</strong></span> 
     </span>
     <span class='ocr_line' id='line_1_7' title="bbox 157 866 1122 946; baseline -0.005 -16"><span class='ocrx_word' id='word_1_48' title='bbox 157 891 324 946; x_wconf 88' lang='lat' dir='ltr'><strong>morumque</strong></span> <span class='ocrx_word' id='word_1_49' title='bbox 337 871 441 936; x_wconf 88' lang='lat' dir='ltr'><strong>locum,</strong></span> <span class='ocrx_word' id='word_1_50' title='bbox 453 869 483 926; x_wconf 91' lang='lat' dir='ltr'><strong>in</strong></span> <span class='ocrx_word' id='word_1_51' title='bbox 496 887 552 944; x_wconf 92' lang='lat' dir='ltr'><strong>quo</strong></span> <span class='ocrx_word' id='word_1_52' title='bbox 560 878 696 925; x_wconf 89' lang='lat' dir='ltr'><strong>steterant</strong></span> <span class='ocrx_word' id='word_1_53' title='bbox 703 866 788 943; x_wconf 81' lang='lat' dir='ltr'><strong>pauld</strong></span> <span class='ocrx_word' id='word_1_54' title='bbox 797 867 862 924; x_wconf 75' lang='lat' dir='ltr'><strong>ante</strong></span> <span class='ocrx_word' id='word_1_55' title='bbox 874 868 1033 934; x_wconf 81' lang='lat' dir='ltr'><strong>auxiliares,</strong></span> <span class='ocrx_word' id='word_1_56' title='bbox 1042 887 1122 926; x_wconf 90' lang='lat' dir='ltr'><strong>oom-</strong></span> 
     </span>
     <span class='ocr_line' id='line_1_8' title="bbox 156 944 1122 1026; baseline -0.005 -19"><span class='ocrx_word' id='word_1_57' title='bbox 156 951 291 1026; x_wconf 85' lang='lat' dir='ltr'><strong>pleverat,</strong></span> <span class='ocrx_word' id='word_1_58' title='bbox 306 959 338 1006; x_wconf 92' lang='lat' dir='ltr'><strong>ut</strong></span> <span class='ocrx_word' id='word_1_59' title='bbox 351 949 439 1024; x_wconf 73' lang='lat' dir='ltr'><strong>prope</strong></span> <span class='ocrx_word' id='word_1_60' title='bbox 461 945 602 1007; x_wconf 89' lang='lat' dir='ltr'><strong>difficilior</strong></span> <span class='ocrx_word' id='word_1_61' title='bbox 626 946 760 1002; x_wconf 87' lang='lat' dir='ltr'><strong>transitus</strong></span> <span class='ocrx_word' id='word_1_62' title='bbox 776 955 861 1017; x_wconf 88' lang='lat' dir='ltr'><strong>esset,</strong></span> <span class='ocrx_word' id='word_1_63' title='bbox 883 944 968 1020; x_wconf 77' lang='lat' dir='ltr'><strong>quarn</strong></span> <span class='ocrx_word' id='word_1_64' title='bbox 989 964 1038 1021; x_wconf 93' lang='lat' dir='ltr'><strong>per</strong></span> <span class='ocrx_word' id='word_1_65' title='bbox 1052 965 1122 1003; x_wconf 88' lang='lat' dir='ltr'><strong>con·</strong></span> 
     </span>
     <span class='ocr_line' id='line_1_9' title="bbox 158 1023 1120 1098; baseline -0.004 -14"><span class='ocrx_word' id='word_1_66' title='bbox 158 1028 245 1084; x_wconf 86' lang='lat' dir='ltr'><strong>lertos</strong></span> <span class='ocrx_word' id='word_1_67' title='bbox 269 1028 363 1084; x_wconf 92' lang='lat' dir='ltr'><strong>hostes</strong></span> <span class='ocrx_word' id='word_1_68' title='bbox 383 1025 482 1082; x_wconf 87' lang='lat' dir='ltr'><strong>suerat.</strong></span> <span class='ocrx_word' id='word_1_69' title='bbox 524 1023 633 1097; x_wconf 83' lang='lat' dir='ltr'><strong>ltaque,</strong></span> <span class='ocrx_word' id='word_1_70' title='bbox 654 1023 702 1097; x_wconf 91' lang='lat' dir='ltr'><strong>qui</strong></span> <span class='ocrx_word' id='word_1_71' title='bbox 726 1023 808 1098; x_wconf 91' lang='lat' dir='ltr'><strong>primi</strong></span> <span class='ocrx_word' id='word_1_72' title='bbox 830 1033 921 1089; x_wconf 90' lang='lat' dir='ltr'><strong>erant,</strong></span> <span class='ocrx_word' id='word_1_73' title='bbox 936 1023 1048 1090; x_wconf 83' lang='lat' dir='ltr'><strong>hastati,</strong></span> <span class='ocrx_word' id='word_1_74' title='bbox 1068 1042 1120 1098; x_wconf 89' lang='lat' dir='ltr'><strong>per</strong></span> 
     </span>
     <span class='ocr_line' id='line_1_10' title="bbox 158 1100 1121 1178; baseline -0.005 -16"><span class='ocrx_word' id='word_1_75' title='bbox 158 1105 289 1162; x_wconf 89' lang='lat' dir='ltr'><strong>cumulos</strong></span> <span class='ocrx_word' id='word_1_76' title='bbox 315 1119 463 1178; x_wconf 89' lang='lat' dir='ltr'><strong>corporum</strong></span> <span class='ocrx_word' id='word_1_77' title='bbox 490 1119 687 1175; x_wconf 90' lang='lat' dir='ltr'><strong>armorumque</strong></span> <span class='ocrx_word' id='word_1_78' title='bbox 707 1110 737 1158; x_wconf 91' lang='lat' dir='ltr'><strong>et</strong></span> <span class='ocrx_word' id='word_1_79' title='bbox 756 1101 851 1158; x_wconf 89' lang='lat' dir='ltr'><strong>tabem</strong></span> <span class='ocrx_word' id='word_1_80' title='bbox 875 1100 1031 1176; x_wconf 86' lang='lat' dir='ltr'><strong>sanguinis,</strong></span> <span class='ocrx_word' id='word_1_81' title='bbox 1062 1102 1121 1175; x_wconf 74' lang='lat' dir='ltr'><strong>qud</strong></span> 
     </span>
     <span class='ocr_line' id='line_1_11' title="bbox 157 1178 1156 1257; baseline -0.009 -19"><span class='ocrx_word' id='word_1_82' title='bbox 157 1183 274 1257; x_wconf 91' lang='lat' dir='ltr'><strong>quisque</strong></span> <span class='ocrx_word' id='word_1_83' title='bbox 288 1190 405 1256; x_wconf 87' lang='lat' dir='ltr'><strong>poterat,</strong></span> <span class='ocrx_word' id='word_1_84' title='bbox 420 1189 571 1254; x_wconf 76' lang='lat' dir='ltr'><strong>sequentes</strong></span> <span class='ocrx_word' id='word_1_85' title='bbox 594 1179 713 1244; x_wconf 92' lang='lat' dir='ltr'><strong>hostem,</strong></span> <span class='ocrx_word' id='word_1_86' title='bbox 732 1187 762 1234; x_wconf 90' lang='lat' dir='ltr'><strong>et</strong></span> <span class='ocrx_word' id='word_1_87' title='bbox 775 1178 857 1253; x_wconf 89' lang='lat' dir='ltr'><strong>signa</strong></span> <span class='ocrx_word' id='word_1_88' title='bbox 876 1188 905 1235; x_wconf 91' lang='lat' dir='ltr'><strong>et</strong></span> <span class='ocrx_word' id='word_1_89' title='bbox 918 1178 1031 1234; x_wconf 89' lang='lat' dir='ltr'><strong>ordines</strong></span> <span class='ocrx_word' id='word_1_90' title='bbox 1051 1197 1120 1235; x_wconf 89' lang='lat' dir='ltr'><strong>con-</strong></span> <span class='ocrx_word' id='word_1_91' title='bbox 1131 1191 1156 1230; x_wconf 83' lang='lat' dir='ltr'><strong>to</strong></span> 
     </span>
     <span class='ocr_line' id='line_1_12' title="bbox 159 1255 1121 1334; baseline -0.004 -18"><span class='ocrx_word' id='word_1_92' title='bbox 159 1259 309 1334; x_wconf 76' lang='lat' dir='ltr'><strong>fuderunt:</strong></span> <span class='ocrx_word' id='word_1_93' title='bbox 340 1257 500 1333; x_wconf 89' lang='lat' dir='ltr'><strong>principum</strong></span> <span class='ocrx_word' id='word_1_94' title='bbox 514 1274 624 1330; x_wconf 90' lang='lat' dir='ltr'><strong>quoque</strong></span> <span class='ocrx_word' id='word_1_95' title='bbox 638 1255 720 1331; x_wconf 86' lang='lat' dir='ltr'><strong>signs</strong></span> <span class='ocrx_word' id='word_1_96' title='bbox 743 1255 875 1312; x_wconf 87' lang='lat' dir='ltr'><strong>fluctuari</strong></span> <span class='ocrx_word' id='word_1_97' title='bbox 896 1266 1052 1330; x_wconf 80' lang='lat' dir='ltr'><strong>emperant,</strong></span> <span class='ocrx_word' id='word_1_98' title='bbox 1073 1275 1121 1312; x_wconf 80' lang='lat' dir='ltr'><strong>va·</strong></span> 
     </span>
     <span class='ocr_line' id='line_1_13' title="bbox 157 1332 1121 1412; baseline -0.003 -19"><span class='ocrx_word' id='word_1_99' title='bbox 157 1355 224 1412; x_wconf 89' lang='lat' dir='ltr'><strong>garn</strong></span> <span class='ocrx_word' id='word_1_100' title='bbox 238 1347 304 1394; x_wconf 87' lang='lat' dir='ltr'><strong>ante</strong></span> <span class='ocrx_word' id='word_1_101' title='bbox 318 1355 348 1392; x_wconf 91' lang='lat' dir='ltr'><strong>se</strong></span> <span class='ocrx_word' id='word_1_102' title='bbox 370 1334 515 1392; x_wconf 87' lang='lat' dir='ltr'><strong>cernendo</strong></span> <span class='ocrx_word' id='word_1_103' title='bbox 531 1334 632 1390; x_wconf 88' lang='lat' dir='ltr'><strong>aciem.</strong></span> <span class='ocrx_word' id='word_1_104' title='bbox 672 1332 762 1393; x_wconf 80' lang='lat' dir='ltr'><strong>Quod</strong></span> <span class='ocrx_word' id='word_1_105' title='bbox 787 1333 884 1408; x_wconf 86' lang='lat' dir='ltr'><strong>Scipio</strong></span> <span class='ocrx_word' id='word_1_106' title='bbox 905 1333 953 1390; x_wconf 89' lang='lat' dir='ltr'><strong>uhi</strong></span> <span class='ocrx_word' id='word_1_107' title='bbox 975 1333 1054 1405; x_wconf 88' lang='lat' dir='ltr'><strong>vidit,</strong></span> <span class='ocrx_word' id='word_1_108' title='bbox 1076 1352 1121 1390; x_wconf 86' lang='lat' dir='ltr'><strong>re-</strong></span> 
     </span>
     <span class='ocr_line' id='line_1_14' title="bbox 158 1410 1121 1489; baseline -0.005 -17"><span class='ocrx_word' id='word_1_109' title='bbox 158 1415 253 1489; x_wconf 88' lang='lat' dir='ltr'><strong>ceptui</strong></span> <span class='ocrx_word' id='word_1_110' title='bbox 268 1413 385 1488; x_wconf 72' lang='lat' dir='ltr'><strong>propere</strong></span> <span class='ocrx_word' id='word_1_111' title='bbox 399 1429 503 1468; x_wconf 89' lang='lat' dir='ltr'><strong>canere</strong></span> <span class='ocrx_word' id='word_1_112' title='bbox 517 1411 633 1466; x_wconf 84' lang='lat' dir='ltr'><strong>hastatis</strong></span> <span class='ocrx_word' id='word_1_113' title='bbox 650 1410 752 1485; x_wconf 86' lang='lat' dir='ltr'><strong>jussit:</strong></span> <span class='ocrx_word' id='word_1_114' title='bbox 786 1419 833 1478; x_wconf 86' lang='lat' dir='ltr'><strong>et,</strong></span> <span class='ocrx_word' id='word_1_115' title='bbox 848 1410 953 1467; x_wconf 89' lang='lat' dir='ltr'><strong>sauciis</strong></span> <span class='ocrx_word' id='word_1_116' title='bbox 972 1410 1001 1466; x_wconf 94' lang='lat' dir='ltr'><strong>in</strong></span> <span class='ocrx_word' id='word_1_117' title='bbox 1017 1422 1121 1484; x_wconf 87' lang='lat' dir='ltr'><strong>postre-</strong></span> 
     </span>
     <span class='ocr_line' id='line_1_15' title="bbox 158 1487 1120 1562; baseline -0.004 -14"><span class='ocrx_word' id='word_1_118' title='bbox 158 1511 234 1548; x_wconf 88' lang='lat' dir='ltr'><strong>mam</strong></span> <span class='ocrx_word' id='word_1_119' title='bbox 249 1492 340 1547; x_wconf 86' lang='lat' dir='ltr'><strong>soiem</strong></span> <span class='ocrx_word' id='word_1_120' title='bbox 355 1489 512 1553; x_wconf 90' lang='lat' dir='ltr'><strong>subductis,</strong></span> <span class='ocrx_word' id='word_1_121' title='bbox 526 1487 671 1562; x_wconf 76' lang='lat' dir='ltr'><strong>principes</strong></span> <span class='ocrx_word' id='word_1_122' title='bbox 692 1487 857 1561; x_wconf 78' lang='lat' dir='ltr'><strong>triariosque</strong></span> <span class='ocrx_word' id='word_1_123' title='bbox 872 1487 901 1544; x_wconf 92' lang='lat' dir='ltr'><strong>in</strong></span> <span class='ocrx_word' id='word_1_124' title='bbox 916 1505 1023 1545; x_wconf 88' lang='lat' dir='ltr'><strong>cornua</strong></span> <span class='ocrx_word' id='word_1_125' title='bbox 1037 1487 1120 1544; x_wconf 89' lang='lat' dir='ltr'><strong>indu·</strong></span> 
     </span>
     <span class='ocr_line' id='line_1_16' title="bbox 158 1565 1156 1641; baseline -0.003 -16"><span class='ocrx_word' id='word_1_126' title='bbox 158 1569 218 1636; x_wconf 83' lang='lat' dir='ltr'><strong>cit3</strong></span> <span class='ocrx_word' id='word_1_127' title='bbox 251 1587 307 1641; x_wconf 93' lang='lat' dir='ltr'><strong>quo</strong></span> <span class='ocrx_word' id='word_1_128' title='bbox 330 1567 415 1624; x_wconf 94' lang='lat' dir='ltr'><strong>tutior</strong></span> <span class='ocrx_word' id='word_1_129' title='bbox 436 1565 597 1638; x_wconf 84' lang='lat' dir='ltr'><strong>firmiorque</strong></span> <span class='ocrx_word' id='word_1_130' title='bbox 625 1565 719 1621; x_wconf 85' lang='lat' dir='ltr'><strong>medis</strong></span> <span class='ocrx_word' id='word_1_131' title='bbox 744 1565 916 1622; x_wconf 83' lang='lat' dir='ltr'><strong>hastatorum</strong></span> <span class='ocrx_word' id='word_1_132' title='bbox 937 1566 1015 1621; x_wconf 88' lang='lat' dir='ltr'><strong>acies</strong></span> <span class='ocrx_word' id='word_1_133' title='bbox 1035 1577 1156 1624; x_wconf 77' lang='lat' dir='ltr'><strong>essetrs</strong></span> 
     </span>
     <span class='ocr_line' id='line_1_17' title="bbox 158 1642 1121 1718; baseline -0.002 -16"><span class='ocrx_word' id='word_1_134' title='bbox 158 1645 319 1702; x_wconf 87' lang='lat' dir='ltr'><strong>Itanorum</strong></span> <span class='ocrx_word' id='word_1_135' title='bbox 334 1644 370 1700; x_wconf 90' lang='lat' dir='ltr'><strong>de</strong></span> <span class='ocrx_word' id='word_1_136' title='bbox 385 1643 496 1718; x_wconf 90' lang='lat' dir='ltr'><strong>integro</strong></span> <span class='ocrx_word' id='word_1_137' title='bbox 519 1642 649 1716; x_wconf 77' lang='lat' dir='ltr'><strong>proelium</strong></span> <span class='ocrx_word' id='word_1_138' title='bbox 673 1653 764 1699; x_wconf 89' lang='lat' dir='ltr'><strong>ortum</strong></span> <span class='ocrx_word' id='word_1_139' title='bbox 779 1652 840 1698; x_wconf 87' lang='lat' dir='ltr'><strong>est:</strong></span> <span class='ocrx_word' id='word_1_140' title='bbox 871 1643 974 1718; x_wconf 91' lang='lat' dir='ltr'><strong>quippe</strong></span> <span class='ocrx_word' id='word_1_141' title='bbox 988 1643 1024 1698; x_wconf 95' lang='lat' dir='ltr'><strong>ad</strong></span> <span class='ocrx_word' id='word_1_142' title='bbox 1039 1661 1121 1700; x_wconf 87' lang='lat' dir='ltr'><strong>veros</strong></span> 
     </span>
     <span class='ocr_line' id='line_1_18' title="bbox 158 1720 1120 1796; baseline -0.003 -17"><span class='ocrx_word' id='word_1_143' title='bbox 158 1724 254 1779; x_wconf 90' lang='lat' dir='ltr'><strong>hostes</strong></span> <span class='ocrx_word' id='word_1_144' title='bbox 275 1729 440 1796; x_wconf 80' lang='lat' dir='ltr'><strong>perventum</strong></span> <span class='ocrx_word' id='word_1_145' title='bbox 463 1729 533 1791; x_wconf 87' lang='lat' dir='ltr'><strong>erat,</strong></span> <span class='ocrx_word' id='word_1_146' title='bbox 557 1729 585 1776; x_wconf 93' lang='lat' dir='ltr'><strong>et</strong></span> <span class='ocrx_word' id='word_1_147' title='bbox 599 1737 739 1782; x_wconf 75' lang='lat' dir='ltr'><strong>armornm</strong></span> <span class='ocrx_word' id='word_1_148' title='bbox 754 1739 870 1794; x_wconf 85' lang='lat' dir='ltr'><strong>genere,</strong></span> <span class='ocrx_word' id='word_1_149' title='bbox 884 1731 912 1777; x_wconf 91' lang='lat' dir='ltr'><strong>et</strong></span> <span class='ocrx_word' id='word_1_150' title='bbox 926 1739 985 1776; x_wconf 91' lang='lat' dir='ltr'><strong>usu.</strong></span> <span class='ocrx_word' id='word_1_151' title='bbox 1001 1720 1120 1788; x_wconf 83' lang='lat' dir='ltr'><strong>militiae,</strong></span> 
     </span>
     <span class='ocr_line' id='line_1_19' title="bbox 157 1797 1122 1874; baseline -0.002 -18"><span class='ocrx_word' id='word_1_152' title='bbox 157 1810 187 1856; x_wconf 88' lang='lat' dir='ltr'><strong>et</strong></span> <span class='ocrx_word' id='word_1_153' title='bbox 201 1800 276 1856; x_wconf 79' lang='lat' dir='ltr'><strong>famd</strong></span> <span class='ocrx_word' id='word_1_154' title='bbox 289 1815 383 1855; x_wconf 89' lang='lat' dir='ltr'><strong>rerum</strong></span> <span class='ocrx_word' id='word_1_155' title='bbox 404 1808 559 1874; x_wconf 86' lang='lat' dir='ltr'><strong>gestarum,</strong></span> <span class='ocrx_word' id='word_1_156' title='bbox 574 1807 602 1853; x_wconf 88' lang='lat' dir='ltr'><strong>ct</strong></span> <span class='ocrx_word' id='word_1_157' title='bbox 622 1797 818 1872; x_wconf 82' lang='lat' dir='ltr'><strong>magnitudine</strong></span> <span class='ocrx_word' id='word_1_158' title='bbox 839 1797 882 1854; x_wconf 86' lang='lat' dir='ltr'><strong>vel</strong></span> <span class='ocrx_word' id='word_1_159' title='bbox 903 1798 963 1872; x_wconf 89' lang='lat' dir='ltr'><strong>spei</strong></span> <span class='ocrx_word' id='word_1_160' title='bbox 983 1797 1027 1853; x_wconf 82' lang='lat' dir='ltr'><strong>vel</strong></span> <span class='ocrx_word' id='word_1_161' title='bbox 1048 1798 1122 1872; x_wconf 90' lang='lat' dir='ltr'><strong>peri·</strong></span> 
     </span>
     <span class='ocr_line' id='line_1_20' title="bbox 158 1875 1120 1951; baseline -0.002 -17"><span class='ocrx_word' id='word_1_162' title='bbox 158 1877 216 1934; x_wconf 90' lang='lat' dir='ltr'><strong>culi</strong></span> <span class='ocrx_word' id='word_1_163' title='bbox 230 1895 321 1951; x_wconf 88' lang='lat' dir='ltr'><strong>pares.</strong></span> <span class='ocrx_word' id='word_1_164' title='bbox 363 1875 421 1932; x_wconf 82' lang='lat' dir='ltr'><strong>Sed</strong></span> <span class='ocrx_word' id='word_1_165' title='bbox 435 1885 463 1932; x_wconf 90' lang='lat' dir='ltr'><strong>et</strong></span> <span class='ocrx_word' id='word_1_166' title='bbox 477 1893 596 1934; x_wconf 87' lang='lat' dir='ltr'><strong>numero</strong></span> <span class='ocrx_word' id='word_1_167' title='bbox 617 1875 766 1931; x_wconf 84' lang='lat' dir='ltr'><strong>Romanus</strong></span> <span class='ocrx_word' id='word_1_168' title='bbox 780 1875 906 1949; x_wconf 89' lang='lat' dir='ltr'><strong>superior</strong></span> <span class='ocrx_word' id='word_1_169' title='bbox 919 1885 990 1942; x_wconf 88' lang='lat' dir='ltr'><strong>erat,</strong></span> <span class='ocrx_word' id='word_1_170' title='bbox 1011 1886 1040 1932; x_wconf 89' lang='lat' dir='ltr'><strong>et</strong></span> <span class='ocrx_word' id='word_1_171' title='bbox 1061 1875 1120 1932; x_wconf 91' lang='lat' dir='ltr'><strong>ani·</strong></span> 
     </span>
     <span class='ocr_line' id='line_1_21' title="bbox 158 1952 1155 2029; baseline 0.001 -17"><span class='ocrx_word' id='word_1_172' title='bbox 158 1973 222 2022; x_wconf 88' lang='lat' dir='ltr'><strong>mo;</strong></span> <span class='ocrx_word' id='word_1_173' title='bbox 243 1953 320 2028; x_wconf 82' lang='lat' dir='ltr'><strong>qudd</strong></span> <span class='ocrx_word' id='word_1_174' title='bbox 331 1953 390 2029; x_wconf 85' lang='lat' dir='ltr'><strong>jam</strong></span> <span class='ocrx_word' id='word_1_175' title='bbox 404 1953 522 2027; x_wconf 85' lang='lat' dir='ltr'><strong>equites,</strong></span> <span class='ocrx_word' id='word_1_176' title='bbox 533 1952 591 2028; x_wconf 90' lang='lat' dir='ltr'><strong>jam</strong></span> <span class='ocrx_word' id='word_1_177' title='bbox 604 1952 769 2026; x_wconf 91' lang='lat' dir='ltr'><strong>elephantos</strong></span> <span class='ocrx_word' id='word_1_178' title='bbox 784 1952 910 2023; x_wconf 80' lang='lat' dir='ltr'><strong>fuderat3</strong></span> <span class='ocrx_word' id='word_1_179' title='bbox 938 1953 1007 2028; x_wconf 89' lang='lat' dir='ltr'><strong>jam,</strong></span> <span class='ocrx_word' id='word_1_180' title='bbox 1028 1953 1120 2028; x_wconf 73' lang='lat' dir='ltr'><strong>primi</strong></span> <span class='ocrx_word' id='word_1_181' title='bbox 1129 1973 1155 2014; x_wconf 82' lang='lat' dir='ltr'><strong>ao</strong></span> 
     </span>
     <span class='ocr_line' id='line_1_22' title="bbox 159 2030 928 2108; baseline -0.007 -19"><span class='ocrx_word' id='word_1_182' title='bbox 159 2033 221 2089; x_wconf 90' lang='lat' dir='ltr'><strong>acie</strong></span> <span class='ocrx_word' id='word_1_183' title='bbox 235 2031 327 2108; x_wconf 70' lang='lat' dir='ltr'><strong>pulsi,</strong></span> <span class='ocrx_word' id='word_1_184' title='bbox 341 2032 371 2088; x_wconf 92' lang='lat' dir='ltr'><strong>in</strong></span> <span class='ocrx_word' id='word_1_185' title='bbox 385 2030 541 2086; x_wconf 88' lang='lat' dir='ltr'><strong>secundam</strong></span> <span class='ocrx_word' id='word_1_186' title='bbox 555 2030 707 2105; x_wconf 86' lang='lat' dir='ltr'><strong>pugnabat.</strong></span> <span class='ocrx_word' id='word_1_187' title='bbox 734 2059 737 2062; x_wconf 96' lang='lat'>·</span> <span class='ocrx_word' id='word_1_188' title='bbox 925 2037 928 2042; x_wconf 84' lang='lat'>&#39;</span> 
     </span>
    </p>
   </div>
   <div class='ocr_carea' id='block_1_3' title="bbox 144 2187 1155 3509">
    <p class='ocr_par' dir='ltr' id='par_1_3' title="bbox 144 2187 1155 3509">
     <span class='ocr_line' id='line_1_23' title="bbox 199 2187 1122 2265; baseline -0.002 -19"><span class='ocrx_word' id='word_1_189' title='bbox 199 2189 328 2246; x_wconf 86' lang='lat' dir='ltr'>XXXV.</span> <span class='ocrx_word' id='word_1_190' title='bbox 357 2188 392 2245; x_wconf 93' lang='lat' dir='ltr'><strong>In</strong></span> <span class='ocrx_word' id='word_1_191' title='bbox 408 2198 533 2264; x_wconf 90' lang='lat' dir='ltr'><strong>tempore</strong></span> <span class='ocrx_word' id='word_1_192' title='bbox 547 2187 653 2244; x_wconf 78' lang='lat' dir='ltr'><strong>Laelius</strong></span> <span class='ocrx_word' id='word_1_193' title='bbox 666 2207 700 2245; x_wconf 88' lang='lat' dir='ltr'><strong>ao</strong></span> <span class='ocrx_word' id='word_1_194' title='bbox 714 2188 876 2256; x_wconf 88' lang='lat' dir='ltr'><strong>Masinissa,</strong></span> <span class='ocrx_word' id='word_1_195' title='bbox 897 2187 993 2265; x_wconf 89' lang='lat' dir='ltr'><strong>pulsos</strong></span> <span class='ocrx_word' id='word_1_196' title='bbox 1007 2206 1057 2264; x_wconf 88' lang='lat' dir='ltr'><strong>per</strong></span> <span class='ocrx_word' id='word_1_197' title='bbox 1071 2187 1122 2244; x_wconf 90' lang='lat' dir='ltr'><strong>ali·</strong></span> 
     </span>
     <span class='ocr_line' id='line_1_24' title="bbox 157 2265 1121 2342; baseline -0.001 -20"><span class='ocrx_word' id='word_1_198' title='bbox 157 2279 295 2340; x_wconf 88' lang='lat' dir='ltr'><strong>quantum</strong></span> <span class='ocrx_word' id='word_1_199' title='bbox 310 2266 391 2342; x_wconf 90' lang='lat' dir='ltr'><strong>spatii</strong></span> <span class='ocrx_word' id='word_1_200' title='bbox 406 2265 497 2322; x_wconf 89' lang='lat' dir='ltr'><strong>secuti</strong></span> <span class='ocrx_word' id='word_1_201' title='bbox 510 2266 631 2339; x_wconf 90' lang='lat' dir='ltr'><strong>equites,</strong></span> <span class='ocrx_word' id='word_1_202' title='bbox 655 2277 827 2324; x_wconf 86' lang='lat' dir='ltr'><strong>revertentes</strong></span> <span class='ocrx_word' id='word_1_203' title='bbox 850 2267 879 2323; x_wconf 88' lang='lat' dir='ltr'><strong>in</strong></span> <span class='ocrx_word' id='word_1_204' title='bbox 894 2285 1019 2323; x_wconf 87' lang='lat' dir='ltr'><strong>aversam</strong></span> <span class='ocrx_word' id='word_1_205' title='bbox 1034 2265 1121 2322; x_wconf 90' lang='lat' dir='ltr'><strong>hosti·</strong></span> 
     </span>
     <span class='ocr_line' id='line_1_25' title="bbox 158 2342 1120 2418; baseline -0.001 -19"><span class='ocrx_word' id='word_1_206' title='bbox 158 2362 207 2399; x_wconf 91' lang='lat' dir='ltr'><strong>nm</strong></span> <span class='ocrx_word' id='word_1_207' title='bbox 223 2344 314 2399; x_wconf 90' lang='lat' dir='ltr'><strong>aciem</strong></span> <span class='ocrx_word' id='word_1_208' title='bbox 329 2343 482 2400; x_wconf 76' lang='lat' dir='ltr'><strong>incurrere.</strong></span> <span class='ocrx_word' id='word_1_209' title='bbox 523 2342 553 2398; x_wconf 91' lang='lat' dir='ltr'><strong>Is</strong></span> <span class='ocrx_word' id='word_1_210' title='bbox 567 2343 682 2399; x_wconf 88' lang='lat' dir='ltr'><strong>demum</strong></span> <span class='ocrx_word' id='word_1_211' title='bbox 696 2345 823 2418; x_wconf 88' lang='lat' dir='ltr'><strong>equitnm</strong></span> <span class='ocrx_word' id='word_1_212' title='bbox 837 2344 959 2418; x_wconf 89' lang='lat' dir='ltr'><strong>impetus</strong></span> <span class='ocrx_word' id='word_1_213' title='bbox 972 2343 1044 2400; x_wconf 84' lang='lat' dir='ltr'><strong>fudit</strong></span> <span class='ocrx_word' id='word_1_214' title='bbox 1054 2344 1120 2399; x_wconf 92' lang='lat' dir='ltr'><strong>hos-</strong></span> 
     </span>
     <span class='ocr_line' id='line_1_26' title="bbox 157 2419 1155 2496; baseline -0.001 -19"><span class='ocrx_word' id='word_1_215' title='bbox 157 2431 224 2477; x_wconf 91' lang='lat' dir='ltr'><strong>tem.</strong></span> <span class='ocrx_word' id='word_1_216' title='bbox 267 2419 352 2475; x_wconf 85' lang='lat' dir='ltr'><strong>hlulti</strong></span> <span class='ocrx_word' id='word_1_217' title='bbox 373 2419 560 2476; x_wconf 84' lang='lat' dir='ltr'><strong>circumventi</strong></span> <span class='ocrx_word' id='word_1_218' title='bbox 582 2419 612 2476; x_wconf 92' lang='lat' dir='ltr'><strong>in</strong></span> <span class='ocrx_word' id='word_1_219' title='bbox 632 2421 695 2476; x_wconf 86' lang='lat' dir='ltr'><strong>acie</strong></span> <span class='ocrx_word' id='word_1_220' title='bbox 709 2422 794 2478; x_wconf 75' lang='lat' dir='ltr'><strong>caesi:</strong></span> <span class='ocrx_word' id='word_1_221' title='bbox 816 2422 896 2479; x_wconf 88' lang='lat' dir='ltr'><strong>multi</strong></span> <span class='ocrx_word' id='word_1_222' title='bbox 911 2440 960 2496; x_wconf 86' lang='lat' dir='ltr'><strong>per</strong></span> <span class='ocrx_word' id='word_1_223' title='bbox 974 2431 1155 2496; x_wconf 62' lang='lat' dir='ltr'><strong>patentemm</strong></span> 
     </span>
     <span class='ocr_line' id='line_1_27' title="bbox 158 2496 1119 2574; baseline 0.001 -21"><span class='ocrx_word' id='word_1_224' title='bbox 158 2497 235 2554; x_wconf 75' lang='lat' dir='ltr'><strong>circi</strong></span> <span class='ocrx_word' id='word_1_225' title='bbox 250 2515 383 2571; x_wconf 87' lang='lat' dir='ltr'><strong>campum</strong></span> <span class='ocrx_word' id='word_1_226' title='bbox 397 2496 463 2572; x_wconf 76' lang='lat' dir='ltr'><strong>fugi</strong></span> <span class='ocrx_word' id='word_1_227' title='bbox 483 2496 582 2572; x_wconf 86' lang='lat' dir='ltr'><strong>sparsi,</strong></span> <span class='ocrx_word' id='word_1_228' title='bbox 607 2508 723 2555; x_wconf 91' lang='lat' dir='ltr'><strong>tenente</strong></span> <span class='ocrx_word' id='word_1_229' title='bbox 742 2499 838 2559; x_wconf 87' lang='lat' dir='ltr'><strong>omnia</strong></span> <span class='ocrx_word' id='word_1_230' title='bbox 857 2499 993 2574; x_wconf 87' lang='lat' dir='ltr'><strong>equitatu,</strong></span> <span class='ocrx_word' id='word_1_231' title='bbox 1013 2498 1119 2574; x_wconf 87' lang='lat' dir='ltr'><strong>passim</strong></span> 
     </span>
     <span class='ocr_line' id='line_1_28' title="bbox 157 2574 1120 2652; baseline -0.001 -20"><span class='ocrx_word' id='word_1_232' title='bbox 157 2575 335 2632; x_wconf 84' lang='lat' dir='ltr'><strong>interierunt.</strong></span> <span class='ocrx_word' id='word_1_233' title='bbox 389 2574 670 2650; x_wconf 84' lang='lat' dir='ltr'><strong>Carthaginiensium</strong></span> <span class='ocrx_word' id='word_1_234' title='bbox 691 2577 887 2652; x_wconf 89' lang='lat' dir='ltr'><strong>sociorumque</strong></span> <span class='ocrx_word' id='word_1_235' title='bbox 911 2595 986 2633; x_wconf 85' lang='lat' dir='ltr'><strong>eaesa</strong></span> <span class='ocrx_word' id='word_1_236' title='bbox 1010 2595 1046 2632; x_wconf 92' lang='lat' dir='ltr'><strong>eo</strong></span> <span class='ocrx_word' id='word_1_237' title='bbox 1072 2575 1120 2632; x_wconf 91' lang='lat' dir='ltr'><strong>die</strong></span> 
     </span>
     <span class='ocr_line' id='line_1_29' title="bbox 158 2652 1120 2730; baseline 0 -21"><span class='ocrx_word' id='word_1_238' title='bbox 158 2671 243 2728; x_wconf 88' lang='lat' dir='ltr'><strong>supra</strong></span> <span class='ocrx_word' id='word_1_239' title='bbox 256 2653 345 2712; x_wconf 91' lang='lat' dir='ltr'><strong>millia</strong></span> <span class='ocrx_word' id='word_1_240' title='bbox 366 2652 485 2728; x_wconf 85' lang='lat' dir='ltr'><strong>viginti:</strong></span> <span class='ocrx_word' id='word_1_241' title='bbox 518 2671 569 2728; x_wconf 88' lang='lat' dir='ltr'><strong>par</strong></span> <span class='ocrx_word' id='word_1_242' title='bbox 590 2652 679 2710; x_wconf 89' lang='lat' dir='ltr'><strong>ferme</strong></span> <span class='ocrx_word' id='word_1_243' title='bbox 700 2669 836 2711; x_wconf 83' lang='lat' dir='ltr'><strong>numerus</strong></span> <span class='ocrx_word' id='word_1_244' title='bbox 859 2665 958 2730; x_wconf 89' lang='lat' dir='ltr'><strong>captus</strong></span> <span class='ocrx_word' id='word_1_245' title='bbox 978 2667 1030 2720; x_wconf 88' lang='lat' dir='ltr'><strong>est,</strong></span> <span class='ocrx_word' id='word_1_246' title='bbox 1052 2671 1120 2710; x_wconf 91' lang='lat' dir='ltr'><strong>cum</strong></span> 
     </span>
     <span class='ocr_line' id='line_1_30' title="bbox 158 2730 1120 2807; baseline -0.001 -19"><span class='ocrx_word' id='word_1_247' title='bbox 158 2731 249 2806; x_wconf 92' lang='lat' dir='ltr'><strong>signis</strong></span> <span class='ocrx_word' id='word_1_248' title='bbox 272 2730 440 2788; x_wconf 89' lang='lat' dir='ltr'><strong>militaribus</strong></span> <span class='ocrx_word' id='word_1_249' title='bbox 456 2741 572 2788; x_wconf 87' lang='lat' dir='ltr'><strong>centum</strong></span> <span class='ocrx_word' id='word_1_250' title='bbox 592 2731 709 2806; x_wconf 88' lang='lat' dir='ltr'><strong>triginta</strong></span> <span class='ocrx_word' id='word_1_251' title='bbox 729 2733 828 2804; x_wconf 91' lang='lat' dir='ltr'><strong>tribus,</strong></span> <span class='ocrx_word' id='word_1_252' title='bbox 850 2733 1008 2807; x_wconf 91' lang='lat' dir='ltr'><strong>elephantis</strong></span> <span class='ocrx_word' id='word_1_253' title='bbox 1029 2731 1120 2787; x_wconf 87' lang='lat' dir='ltr'><strong>unde-</strong></span> 
     </span>
     <span class='ocr_line' id='line_1_31' title="bbox 157 2807 1153 2883; baseline -0.002 -17"><span class='ocrx_word' id='word_1_254' title='bbox 157 2809 224 2867; x_wconf 84' lang='lat' dir='ltr'><strong>cim.</strong></span> <span class='ocrx_word' id='word_1_255' title='bbox 257 2809 387 2866; x_wconf 86' lang='lat' dir='ltr'><strong>Victores</strong></span> <span class='ocrx_word' id='word_1_256' title='bbox 398 2808 433 2864; x_wconf 91' lang='lat' dir='ltr'><strong>ad</strong></span> <span class='ocrx_word' id='word_1_257' title='bbox 445 2807 501 2866; x_wconf 93' lang='lat' dir='ltr'><strong>duo</strong></span> <span class='ocrx_word' id='word_1_258' title='bbox 510 2808 597 2864; x_wconf 89' lang='lat' dir='ltr'><strong>millia</strong></span> <span class='ocrx_word' id='word_1_259' title='bbox 606 2809 746 2873; x_wconf 73' lang='lat' dir='ltr'><strong>eeciddre.</strong></span> <span class='ocrx_word' id='word_1_260' title='bbox 774 2809 929 2879; x_wconf 86' lang='lat' dir='ltr'><strong>Hannibal,</strong></span> <span class='ocrx_word' id='word_1_261' title='bbox 944 2829 1010 2866; x_wconf 91' lang='lat' dir='ltr'><strong>cum</strong></span> <span class='ocrx_word' id='word_1_262' title='bbox 1019 2808 1153 2883; x_wconf 74' lang='lat' dir='ltr'><strong>paucisne</strong></span> 
     </span>
     <span class='ocr_line' id='line_1_32' title="bbox 157 2884 1119 2962; baseline -0.002 -18"><span class='ocrx_word' id='word_1_263' title='bbox 157 2888 300 2962; x_wconf 86' lang='lat' dir='ltr'><strong>equitibus</strong></span> <span class='ocrx_word' id='word_1_264' title='bbox 326 2887 400 2943; x_wconf 90' lang='lat' dir='ltr'><strong>inter</strong></span> <span class='ocrx_word' id='word_1_265' title='bbox 426 2884 577 2942; x_wconf 88' lang='lat' dir='ltr'><strong>tumultum</strong></span> <span class='ocrx_word' id='word_1_266' title='bbox 605 2886 725 2961; x_wconf 87' lang='lat' dir='ltr'><strong>elapsus,</strong></span> <span class='ocrx_word' id='word_1_267' title='bbox 755 2887 944 2944; x_wconf 90' lang='lat' dir='ltr'><strong>Adrumetum</strong></span> <span class='ocrx_word' id='word_1_268' title='bbox 973 2886 1119 2962; x_wconf 80' lang='lat' dir='ltr'><strong>perfugit3</strong></span> 
     </span>
     <span class='ocr_line' id='line_1_33' title="bbox 157 2962 1120 3040; baseline -0.002 -18"><span class='ocrx_word' id='word_1_269' title='bbox 157 2966 254 3022; x_wconf 90' lang='lat' dir='ltr'><strong>omnia</strong></span> <span class='ocrx_word' id='word_1_270' title='bbox 274 2975 303 3022; x_wconf 90' lang='lat' dir='ltr'><strong>et</strong></span> <span class='ocrx_word' id='word_1_271' title='bbox 323 2965 353 3020; x_wconf 94' lang='lat' dir='ltr'><strong>in</strong></span> <span class='ocrx_word' id='word_1_272' title='bbox 375 2962 482 3037; x_wconf 78' lang='lat' dir='ltr'><strong>proelio,</strong></span> <span class='ocrx_word' id='word_1_273' title='bbox 513 2974 542 3019; x_wconf 89' lang='lat' dir='ltr'><strong>et</strong></span> <span class='ocrx_word' id='word_1_274' title='bbox 563 2973 629 3020; x_wconf 88' lang='lat' dir='ltr'><strong>ante</strong></span> <span class='ocrx_word' id='word_1_275' title='bbox 650 2965 751 3034; x_wconf 89' lang='lat' dir='ltr'><strong>aciem,</strong></span> <span class='ocrx_word' id='word_1_276' title='bbox 783 2965 945 3040; x_wconf 88' lang='lat' dir='ltr'><strong>priusquam</strong></span> <span class='ocrx_word' id='word_1_277' title='bbox 966 2965 1120 3024; x_wconf 89' lang='lat' dir='ltr'><strong>excederet</strong></span> 
     </span>
     <span class='ocr_line' id='line_1_34' title="bbox 157 3040 1120 3118; baseline -0.001 -19"><span class='ocrx_word' id='word_1_278' title='bbox 157 3043 267 3118; x_wconf 71' lang='lat' dir='ltr'><strong>pugni,</strong></span> <span class='ocrx_word' id='word_1_279' title='bbox 280 3051 432 3118; x_wconf 63' lang='lat' dir='ltr'><strong>expertus,</strong></span> <span class='ocrx_word' id='word_1_280' title='bbox 453 3051 491 3109; x_wconf 89' lang='lat' dir='ltr'><strong>et,</strong></span> <span class='ocrx_word' id='word_1_281' title='bbox 507 3040 685 3098; x_wconf 81' lang='lat' dir='ltr'><strong>consessione</strong></span> <span class='ocrx_word' id='word_1_282' title='bbox 699 3043 784 3099; x_wconf 91' lang='lat' dir='ltr'><strong>etiam</strong></span> <span class='ocrx_word' id='word_1_283' title='bbox 810 3043 963 3118; x_wconf 90' lang='lat' dir='ltr'><strong>Scipionis,</strong></span> <span class='ocrx_word' id='word_1_284' title='bbox 979 3041 1120 3100; x_wconf 91' lang='lat' dir='ltr'><strong>omnium-</strong></span> 
     </span>
     <span class='ocr_line' id='line_1_35' title="bbox 144 3119 1118 3196; baseline -0.001 -20"><span class='ocrx_word' id='word_1_285' title='bbox 144 3139 213 3196; x_wconf 85' lang='lat' dir='ltr'><strong>¹que</strong></span> <span class='ocrx_word' id='word_1_286' title='bbox 226 3121 378 3194; x_wconf 91' lang='lat' dir='ltr'><strong>peritorum</strong></span> <span class='ocrx_word' id='word_1_287' title='bbox 394 3119 510 3190; x_wconf 74' lang='lat' dir='ltr'><strong>militia,</strong></span> <span class='ocrx_word' id='word_1_288' title='bbox 525 3119 601 3191; x_wconf 89' lang='lat' dir='ltr'><strong>illam</strong></span> <span class='ocrx_word' id='word_1_289' title='bbox 620 3119 733 3176; x_wconf 91' lang='lat' dir='ltr'><strong>laudern</strong></span> <span class='ocrx_word' id='word_1_290' title='bbox 758 3121 886 3194; x_wconf 89' lang='lat' dir='ltr'><strong>adeptus,</strong></span> <span class='ocrx_word' id='word_1_291' title='bbox 908 3120 1044 3196; x_wconf 83' lang='lat' dir='ltr'><strong>singulari</strong></span> <span class='ocrx_word' id='word_1_292' title='bbox 1058 3129 1118 3176; x_wconf 87' lang='lat' dir='ltr'><strong>arte</strong></span> 
     </span>
     <span class='ocr_line' id='line_1_36' title="bbox 158 3195 1154 3273; baseline 0.008 -21"><span class='ocrx_word' id='word_1_293' title='bbox 158 3197 249 3253; x_wconf 90' lang='lat' dir='ltr'><strong>aciern</strong></span> <span class='ocrx_word' id='word_1_294' title='bbox 264 3215 299 3252; x_wconf 93' lang='lat' dir='ltr'><strong>eo</strong></span> <span class='ocrx_word' id='word_1_295' title='bbox 311 3197 358 3252; x_wconf 92' lang='lat' dir='ltr'><strong>die</strong></span> <span class='ocrx_word' id='word_1_296' title='bbox 371 3195 546 3254; x_wconf 85' lang='lat' dir='ltr'><strong>instruxisse.</strong></span> <span class='ocrx_word' id='word_1_297' title='bbox 587 3195 761 3272; x_wconf 88' lang='lat' dir='ltr'><strong>Elephantos</strong></span> <span class='ocrx_word' id='word_1_298' title='bbox 775 3197 804 3254; x_wconf 92' lang='lat' dir='ltr'><strong>in</strong></span> <span class='ocrx_word' id='word_1_299' title='bbox 815 3199 907 3273; x_wconf 77' lang='lat' dir='ltr'><strong>primd</strong></span> <span class='ocrx_word' id='word_1_300' title='bbox 918 3197 1009 3256; x_wconf 81' lang='lat' dir='ltr'><strong>fronte</strong></span> <span class='ocrx_word' id='word_1_301' title='bbox 1020 3218 1029 3267; x_wconf 82' lang='lat'>3</span> <span class='ocrx_word' id='word_1_302' title='bbox 1050 3215 1154 3271; x_wconf 80' lang='lat' dir='ltr'><strong>qno-ss</strong></span> 
     </span>
     <span class='ocr_line' id='line_1_37' title="bbox 157 3273 1119 3352; baseline -0.002 -20"><span class='ocrx_word' id='word_1_303' title='bbox 157 3293 220 3332; x_wconf 91' lang='lat' dir='ltr'><strong>rurn</strong></span> <span class='ocrx_word' id='word_1_304' title='bbox 236 3274 367 3332; x_wconf 89' lang='lat' dir='ltr'><strong>fortuitus</strong></span> <span class='ocrx_word' id='word_1_305' title='bbox 381 3273 502 3348; x_wconf 89' lang='lat' dir='ltr'><strong>impetus</strong></span> <span class='ocrx_word' id='word_1_306' title='bbox 515 3287 599 3349; x_wconf 87' lang='lat' dir='ltr'><strong>atque</strong></span> <span class='ocrx_word' id='word_1_307' title='bbox 623 3273 807 3332; x_wconf 88' lang='lat' dir='ltr'><strong>intolerabilis</strong></span> <span class='ocrx_word' id='word_1_308' title='bbox 825 3276 876 3343; x_wconf 84' lang='lat' dir='ltr'><strong>vis,</strong></span> <span class='ocrx_word' id='word_1_309' title='bbox 891 3277 973 3352; x_wconf 91' lang='lat' dir='ltr'><strong>signa</strong></span> <span class='ocrx_word' id='word_1_310' title='bbox 986 3275 1074 3351; x_wconf 86' lang='lat' dir='ltr'><strong>sequi,</strong></span> <span class='ocrx_word' id='word_1_311' title='bbox 1089 3285 1119 3331; x_wconf 89' lang='lat' dir='ltr'><strong>et</strong></span> 
     </span>
     <span class='ocr_line' id='line_1_38' title="bbox 157 3351 1119 3432; baseline -0.003 -22"><span class='ocrx_word' id='word_1_312' title='bbox 157 3371 269 3410; x_wconf 86' lang='lat' dir='ltr'><strong>servare</strong></span> <span class='ocrx_word' id='word_1_313' title='bbox 281 3351 406 3422; x_wconf 90' lang='lat' dir='ltr'><strong>ordines,</strong></span> <span class='ocrx_word' id='word_1_314' title='bbox 420 3351 531 3426; x_wconf 88' lang='lat' dir='ltr'><strong>(inquo</strong></span> <span class='ocrx_word' id='word_1_315' title='bbox 545 3353 696 3427; x_wconf 91' lang='lat' dir='ltr'><strong>plurimum</strong></span> <span class='ocrx_word' id='word_1_316' title='bbox 715 3353 774 3428; x_wconf 89' lang='lat' dir='ltr'><strong>spei</strong></span> <span class='ocrx_word' id='word_1_317' title='bbox 796 3355 948 3432; x_wconf 84' lang='lat' dir='ltr'><strong>ponerent)</strong></span> <span class='ocrx_word' id='word_1_318' title='bbox 970 3355 1119 3412; x_wconf 86' lang='lat' dir='ltr'><strong>Romanos</strong></span> 
     </span>
     <span class='ocr_line' id='line_1_39' title="bbox 156 3427 1119 3509; baseline 0 -23"><span class='ocrx_word' id='word_1_319' title='bbox 156 3431 327 3506; x_wconf 80' lang='lat' dir='ltr'><strong>prohiberet</strong></span> <span class='ocrx_word' id='word_1_320' title='bbox 368 3427 482 3485; x_wconf 92' lang='lat' dir='ltr'><strong>Deinde</strong></span> <span class='ocrx_word' id='word_1_321' title='bbox 496 3429 648 3487; x_wconf 77' lang='lat' dir='ltr'><strong>auxiliares</strong></span> <span class='ocrx_word' id='word_1_322' title='bbox 671 3441 737 3488; x_wconf 90' lang='lat' dir='ltr'><strong>ante</strong></span> <span class='ocrx_word' id='word_1_323' title='bbox 760 3431 1042 3509; x_wconf 85' lang='lat' dir='ltr'><strong>Carthaginiensium</strong></span> <span class='ocrx_word' id='word_1_324' title='bbox 1060 3429 1119 3488; x_wconf 88' lang='lat' dir='ltr'><strong>aoi-</strong></span> 
     </span>
    </p>
   </div>
   <div class='ocr_carea' id='block_1_4' title="bbox 16 3501 1118 3586">
    <p class='ocr_par' dir='ltr' id='par_1_4' title="bbox 16 3501 1118 3586">
     <span class='ocr_line' id='line_1_40' title="bbox 16 3501 1118 3586; baseline -0.003 -21"><span class='ocrx_word' id='word_1_325' title='bbox 16 3501 17 3540; x_wconf 42' lang='grc' dir='ltr'>ἶ</span> <span class='ocrx_word' id='word_1_326' title='bbox 96 3579 100 3584; x_wconf 89' lang='lat'><em>.</em></span> <span class='ocrx_word' id='word_1_327' title='bbox 157 3527 212 3578; x_wconf 89' lang='lat' dir='ltr'><strong>ern,</strong></span> <span class='ocrx_word' id='word_1_328' title='bbox 227 3527 265 3564; x_wconf 89' lang='lat' dir='ltr'><strong>ne</strong></span> <span class='ocrx_word' id='word_1_329' title='bbox 279 3507 409 3564; x_wconf 89' lang='lat' dir='ltr'><strong>homines</strong></span> <span class='ocrx_word' id='word_1_330' title='bbox 420 3507 500 3564; x_wconf 91' lang='lat' dir='ltr'><strong>mixti</strong></span> <span class='ocrx_word' id='word_1_331' title='bbox 513 3526 551 3564; x_wconf 83' lang='lat' dir='ltr'><strong>ex</strong></span> <span class='ocrx_word' id='word_1_332' title='bbox 565 3508 723 3566; x_wconf 87' lang='lat' dir='ltr'><strong>colluvione</strong></span> <span class='ocrx_word' id='word_1_333' title='bbox 746 3510 874 3567; x_wconf 87' lang='lat' dir='ltr'><strong>omniurn</strong></span> <span class='ocrx_word' id='word_1_334' title='bbox 888 3512 1027 3586; x_wconf 88' lang='lat' dir='ltr'><strong>gentium,</strong></span> <span class='ocrx_word' id='word_1_335' title='bbox 1048 3525 1118 3585; x_wconf 90' lang='lat' dir='ltr'><strong>quos</strong></span> 
     </span>
    </p>
   </div>
   <div class='ocr_carea' id='block_1_5' title="bbox 157 3585 1153 3819">
    <p class='ocr_par' dir='ltr' id='par_1_5' title="bbox 157 3585 1153 3819">
     <span class='ocr_line' id='line_1_41' title="bbox 157 3585 1153 3665; baseline 0.005 -22"><span class='ocrx_word' id='word_1_336' title='bbox 157 3605 215 3644; x_wconf 92' lang='lat' dir='ltr'><strong>non</strong></span> <span class='ocrx_word' id='word_1_337' title='bbox 231 3585 301 3642; x_wconf 87' lang='lat' dir='ltr'><strong>tides</strong></span> <span class='ocrx_word' id='word_1_338' title='bbox 314 3595 433 3656; x_wconf 89' lang='lat' dir='ltr'><strong>teneret,</strong></span> <span class='ocrx_word' id='word_1_339' title='bbox 448 3585 498 3641; x_wconf 88' lang='lat' dir='ltr'><strong>sed</strong></span> <span class='ocrx_word' id='word_1_340' title='bbox 512 3601 632 3652; x_wconf 89' lang='lat' dir='ltr'><strong>meroes,</strong></span> <span class='ocrx_word' id='word_1_341' title='bbox 647 3587 767 3644; x_wconf 88' lang='lat' dir='ltr'><strong>liberum</strong></span> <span class='ocrx_word' id='word_1_342' title='bbox 784 3599 929 3663; x_wconf 90' lang='lat' dir='ltr'><strong>receptum</strong></span> <span class='ocrx_word' id='word_1_343' title='bbox 945 3590 1019 3665; x_wconf 79' lang='lat' dir='ltr'><strong>ingre</strong></span> <span class='ocrx_word' id='word_1_344' title='bbox 1032 3589 1153 3648; x_wconf 78' lang='lat' dir='ltr'><strong>haben</strong></span> 
     </span>
     <span class='ocr_line' id='line_1_42' title="bbox 157 3663 1119 3740; baseline 0.001 -20"><span class='ocrx_word' id='word_1_345' title='bbox 157 3674 237 3720; x_wconf 89' lang='lat' dir='ltr'><strong>rent:</strong></span> <span class='ocrx_word' id='word_1_346' title='bbox 266 3663 349 3720; x_wconf 91' lang='lat' dir='ltr'><strong>simul</strong></span> <span class='ocrx_word' id='word_1_347' title='bbox 363 3663 485 3737; x_wconf 90' lang='lat' dir='ltr'><strong>primum</strong></span> <span class='ocrx_word' id='word_1_348' title='bbox 507 3663 634 3720; x_wconf 92' lang='lat' dir='ltr'><strong>ardorem</strong></span> <span class='ocrx_word' id='word_1_349' title='bbox 649 3674 733 3738; x_wconf 90' lang='lat' dir='ltr'><strong>atque</strong></span> <span class='ocrx_word' id='word_1_350' title='bbox 747 3664 882 3740; x_wconf 87' lang='lat' dir='ltr'><strong>impetum</strong></span> <span class='ocrx_word' id='word_1_351' title='bbox 904 3668 1026 3724; x_wconf 89' lang='lat' dir='ltr'><strong>hostium</strong></span> <span class='ocrx_word' id='word_1_352' title='bbox 1040 3664 1119 3724; x_wconf 88' lang='lat' dir='ltr'><strong>exci-</strong></span> 
     </span>
     <span class='ocr_line' id='line_1_43' title="bbox 157 3740 1124 3819; baseline 0.008 -23"><span class='ocrx_word' id='word_1_353' title='bbox 157 3741 270 3813; x_wconf 84' lang='lat' dir='ltr'><strong>pientes</strong></span> <span class='ocrx_word' id='word_1_354' title='bbox 283 3741 452 3816; x_wconf 81' lang='lat' dir='ltr'><strong>l‘atigarent3</strong></span> <span class='ocrx_word' id='word_1_355' title='bbox 474 3757 519 3812; x_wconf 91' lang='lat' dir='ltr'><strong>ao,</strong></span> <span class='ocrx_word' id='word_1_356' title='bbox 533 3740 556 3796; x_wconf 92' lang='lat' dir='ltr'><strong>si</strong></span> <span class='ocrx_word' id='word_1_357' title='bbox 572 3741 643 3797; x_wconf 90' lang='lat' dir='ltr'><strong>nihil</strong></span> <span class='ocrx_word' id='word_1_358' title='bbox 657 3742 742 3814; x_wconf 87' lang='lat' dir='ltr'><strong>aliud,</strong></span> <span class='ocrx_word' id='word_1_359' title='bbox 762 3743 926 3819; x_wconf 83' lang='lat' dir='ltr'><strong>vulneribus</strong></span> <span class='ocrx_word' id='word_1_360' title='bbox 940 3745 999 3802; x_wconf 88' lang='lat' dir='ltr'><strong>suis</strong></span> <span class='ocrx_word' id='word_1_361' title='bbox 1013 3745 1124 3804; x_wconf 89' lang='lat' dir='ltr'><strong>serrum·</strong></span> 
     </span>
    </p>
   </div>
   <div class='ocr_carea' id='block_1_6' title="bbox 0 0 1314 4220">
    <p class='ocr_par' dir='ltr' id='par_1_6' title="bbox 0 0 1314 4220">
     <span class='ocr_line' id='line_1_44' title="bbox 0 0 1314 4220; baseline 0 0"><span class='ocrx_word' id='word_1_362' title='bbox 0 0 1314 4220; x_wconf 95' lang='lat' dir='ltr'><strong> </strong></span> 
     </span>
    </p>
   </div>
  </div>
 </body>
</html>
