2630 4228
165 333 243 400 ηε,
570 329 641 382 nn
658 329 742 380 nvn
788 343 792 350 ·

204 473 352 534 XXXVI.
387 470 468 532 Mitis
491 471 606 548 legatio,
621 471 651 530 ni
666 471 834 547 praeferoces
848 470 967 547 legatos,
988 471 1137 547 Gallisque

164 553 258 630 magis
278 553 363 628 quim
386 551 527 610 Romanis
541 551 658 618 similes,
671 550 835 610 habuisset:
857 550 971 624 quibus,
986 563 1135 626 postquam

87 673 89 678 -
164 632 300 690 mandata
313 631 466 688 ediderunt
486 629 516 686 iu
537 630 662 686 concilio
670 629 834 694 catinum,
849 628 938 686 datur.
952 648 1135 704 responsum:

166 709 259 768 “Etsi
272 729 377 768 novum
392 727 496 767 nomen
509 707 627 769 audiant
639 708 848 774 Romanorum,
860 717 955 766 tamen
968 708 1085 764 credere
1097 707 1136 764 vi·

166 799 186 825 “
195 808 241 846 ros
256 788 342 846 sortes
353 807 428 854 esse,
440 805 561 862 quorum
577 786 715 844 auxilium
729 805 746 842 a
757 785 885 844 Clusinis
897 786 926 842 in
937 805 967 844 re
979 785 1086 860 trepida
1099 785 1136 842 sit
1156 805 1171 845 ⁵

165 877 186 904 ‘⁸
196 866 375 942 imploratum
389 885 396 923 ε
417 877 456 932 et,
470 865 603 940 quoniam
618 863 762 940 legatione
773 864 909 922 adversus
928 883 959 922 se
973 864 1136 936 maluerint,

167 955 185 984 ¹⁶
196 945 281 1020 quim
296 945 392 1011 armis,
408 944 480 1002 tueri
494 943 597 1009 socius,
609 962 646 1000 ne
655 943 809 1018 sequidem
823 961 933 1017 paoem
948 961 1033 1016 quam
1045 942 1084 1000 illi
1096 941 1137 1000 af·

166 1023 298 1096 “serant,
311 1022 487 1098 adspernari,
509 1022 533 1080 si
554 1021 655 1093 Gallis,
676 1021 828 1097 egentibus
847 1040 925 1096 agro,
939 1039 1026 1096 quem
1048 1019 1137 1078 latibs

167 1111 186 1140 ‘⁶
196 1102 360 1178 possideant
372 1102 457 1176 quam
471 1100 568 1160 colant
582 1099 705 1167 Clusini,
721 1112 828 1174 partem
845 1099 944 1160 finium
956 1099 1135 1158 concedant:

167 1180 277 1237 “aliter
291 1198 391 1255 pacem
416 1178 561 1254 impetrari
586 1197 643 1236 non
660 1197 750 1253 posse,
793 1177 831 1236 Et
850 1196 1018 1252 responsum
1039 1195 1171 1239 coramro

165 1258 339 1316 “Romanis
353 1257 485 1332 accipere
496 1256 568 1314 velle
580 1276 588 1313 r
609 1267 648 1329 et,
660 1257 684 1314 si
698 1267 819 1331 negetur
830 1276 907 1332 ager,
922 1274 1019 1316 coram
1035 1255 1136 1312 iisdem

168 1347 187 1373 ‘⁴
196 1337 339 1396 Romanis
347 1337 541 1400 dimicaturos,
552 1346 583 1392 ut
593 1335 726 1392 nuntiare
734 1335 850 1394 domum
860 1345 985 1410 possent,
994 1334 1136 1409 quantbm

166 1415 272 1472 “-Galli
287 1416 389 1472 uirtute
403 1425 522 1472 ceteros
535 1412 668 1472 mortales
681 1414 876 1488 praestarent.”
906 1412 1092 1474 “Quodnam
1106 1412 1136 1468 id

167 1494 240 1569 “jus
253 1505 338 1560 esset,
353 1511 453 1568 agrurn
468 1511 485 1548 a
499 1491 708 1566 possessoribus
719 1503 826 1565 petere,
838 1502 888 1550 aut
899 1491 1001 1548 minari
1013 1491 1134 1548 armal”

166 1571 309 1629 Romanis
329 1570 532 1645 quaerentibus,
553 1579 592 1636 et,
618 1569 716 1643 “quid
732 1569 761 1626 in
783 1569 899 1626 Etruria
920 1569 960 1626 rei
981 1569 1072 1626 Gallis
1092 1588 1136 1626 es·

167 1659 239 1706 “set
251 1652 262 1705 l
272 1649 291 1676 '⁹
312 1668 399 1724 quum
411 1649 465 1719 illi,
488 1657 507 1684 ‘⁴
517 1667 547 1706 sc
562 1647 591 1704 in
607 1648 693 1704 armis
710 1648 758 1723 jus
772 1647 855 1715 serre,
869 1660 899 1706 et
911 1647 1009 1706 omnia
1022 1647 1135 1704 sortium
1147 1669 1171 1708 ra

167 1727 319 1786 “virorum
332 1727 426 1794 esse‚”
442 1725 574 1784 ferociter
584 1726 724 1797 dicerent,
738 1727 870 1784 accensis
881 1726 1021 1800 utrimque
1033 1726 1136 1784 animis

132 1821 138 1833 ·
166 1807 202 1864 ad
224 1825 304 1862 arma
324 1804 501 1875 discurritur,
523 1815 552 1862 et
575 1804 706 1880 proelium
725 1805 894 1862 conseritur.
936 1804 990 1874 lbi,
1009 1805 1069 1880 jam
1091 1824 1136 1861 ur·

166 1885 301 1960 gentibus
323 1884 486 1943 Romanam
509 1883 608 1940 urbem
630 1883 703 1953 satis,
725 1883 811 1959 legati
825 1896 925 1942 contra
945 1883 993 1959 jus
1005 1882 1135 1958 gentium

166 1983 247 2022 arma
260 1963 394 2038 capiunt:
426 1981 482 2020 nec
506 1963 534 2020 id
556 1962 629 2020 clam
652 1980 716 2018 esse
736 1962 835 2036 potuit,
856 1981 944 2036 quum
965 1972 1033 2018 ante
1054 1962 1136 2036 signa

167 2040 353 2100 Etruscorum
369 2053 426 2101 tres
437 2040 608 2098 nobilissimi
628 2039 828 2114 fortissimique
852 2037 993 2098 Romame
1004 2039 1171 2115 juventu-su

166 2120 203 2178 tis
228 2131 407 2195 pugnarent:
441 2119 553 2176 tantum
573 2118 719 2176 eminebat
741 2119 892 2194 peregrina
915 2119 1012 2176 virtus.
1052 2117 1135 2179 Quin

167 2199 252 2256 ctiam
267 2199 307 2259 Q.
323 2198 440 2263 Fabius,
461 2212 578 2254 erectus
592 2208 671 2254 entra
692 2197 784 2254 aciem
808 2216 891 2273 equo,
913 2197 1017 2254 ducem
1042 2196 1137 2254 Gallo-

167 2295 239 2344 rum,
256 2276 387 2334 lerociter
411 2277 441 2332 in
462 2275 524 2349 ipsa
546 2275 629 2348 signa
651 2274 836 2332 Etruscorum
862 2276 1065 2344 incursantem,
1087 2293 1136 2349 per

167 2353 242 2410 latus
268 2353 434 2410 transfixum
456 2352 548 2424 hasta,
575 2353 701 2410 occidit:
736 2353 881 2428 spoliaque
909 2353 971 2428 ejus
991 2353 1135 2427 legentem

166 2431 242 2490 Galli
264 2433 424 2505 agnouere3
459 2447 565 2504 perque
586 2440 674 2488 totam
698 2432 801 2502 aciem,
823 2432 988 2490 Romanum
1009 2431 1171 2505 legatumne

167 2527 243 2574 asse,
258 2508 372 2583 signum
386 2509 485 2566 datum
499 2519 551 2566 est.
592 2508 710 2568 Omissa
732 2509 799 2566 iude
815 2511 843 2568 in
863 2511 998 2568 Clusinos
1020 2509 1070 2579 ira,
1093 2527 1136 2566 re-

167 2587 264 2662 ceptui
287 2597 406 2659 canunt,
428 2585 571 2644 minantes
595 2587 745 2646 Romanis.
788 2588 887 2655 Erant,
912 2588 959 2664 qui
990 2587 1136 2662 extemplo

168 2666 294 2724 Romam
308 2666 437 2724 eundum
451 2677 620 2724 censerent:
651 2665 747 2724 vicere
760 2667 897 2734 seniores,
913 2677 944 2724 ut
956 2665 1042 2741 legati
1058 2664 1136 2741 priris

167 2745 348 2802 mitterentur
366 2758 498 2818 questum
523 2744 653 2819 injurias,
677 2744 914 2819 postulatumque,
942 2757 981 2814 ut,
1004 2763 1054 2819 pro
1071 2745 1136 2819 jura

167 2824 298 2899 gentium
321 2823 434 2895 violato,
449 2823 531 2880 Fabii
547 2823 729 2880 dederentur.
771 2822 873 2899 Legati
887 2823 1034 2881 Gallorum
1048 2839 1171 2897 qanmao

167 2921 213 2974 ea,
234 2903 309 2960 sicut
328 2914 411 2959 erant
424 2902 567 2972 mandata,
590 2901 796 2976 exposuissent,
818 2902 930 2960 senatui
952 2920 1007 2958 nec
1029 2901 1136 2958 sactum

167 2981 300 3056 placebat
326 2979 490 3051 Fabiorum,
517 2989 546 3036 et
572 2978 620 3053 jus
648 2979 790 3054 postulare
814 2980 928 3038 barbari
947 2980 1136 3038 videbantur:

168 3059 228 3128 sed,
257 3078 294 3116 ne
315 3059 354 3126 id,
376 3057 450 3133 quod
471 3057 612 3132 placebat,
636 3058 804 3115 decerneret
828 3059 857 3116 in
872 3069 959 3118 tantae
981 3058 1137 3116 nobilitatis

168 3137 245 3207 viris,
260 3137 377 3194 ambitio
390 3137 529 3194 obstabat.
572 3135 682 3210 Itaque,
704 3155 740 3192 ne
761 3155 850 3211 penes
863 3137 940 3212 ipsos
963 3137 1048 3212 culpa
1062 3146 1138 3193 esset

169 3213 260 3272 cladis
274 3213 344 3270 sorte
358 3215 471 3272 Gallico
485 3214 558 3272 bello
572 3225 709 3288 accepte,
723 3215 918 3290 cognitionem
930 3216 969 3272 de
990 3214 1171 3290 postulatisaa
1194 3250 1197 3257 -

169 3292 315 3350 Gallorum
330 3291 366 3348 ad
380 3293 516 3366 populum
531 3293 685 3368 rejiciant3
716 3293 767 3350 ubi
783 3289 861 3352 tanto
873 3291 936 3370 pltis
947 3293 1039 3370 gratia
1053 3304 1136 3367 atque
1145 3333 1173 3383 ἱ,

168 3389 238 3445 opes
252 3370 376 3442 valuere,
389 3383 431 3442 ut,
444 3389 564 3444 quorum
579 3372 615 3428 da
629 3371 715 3446 poerrd
728 3372 875 3447 agebatur,
892 3373 998 3430 tribuni
1013 3371 1134 3430 militum
1152 3387 1166 3444 2,

169 3447 314 3506 consulari
329 3459 465 3523 potestate
481 3449 509 3506 iu
525 3449 722 3524 insequentem
738 3469 845 3508 annum
859 3463 1035 3509 crearentur.
1067 3448 1172 3552 Quo}

170 3527 255 3594 lacto,
271 3527 347 3584 haud
362 3546 446 3584 secus
459 3525 545 3601 qulam
559 3528 679 3601 dignum
701 3539 769 3600 erat,
794 3529 899 3586 infensi
920 3529 1006 3600 Galli,
1031 3527 1158 3585 bellum·
1188 3580 1193 3586 ,

169 3605 313 3682 propalam
330 3606 486 3673 minantes,
496 3606 530 3662 ad
546 3625 612 3662 suos
626 3607 754 3666 redeunt.
795 3607 919 3664 Tribuni
934 3607 1056 3664 militum
1071 3625 1137 3662 cum
1153 3612 1167 3656 ἲ

169 3685 260 3742 tribus
275 3681 372 3740 Fabiis
386 3684 474 3742 creati
488 3683 528 3744 Q.
545 3683 690 3758 Sulpicius
705 3684 831 3761 Longus,
845 3685 885 3746 0,.
902 3685 1040 3742 Servilius
1055 3703 1138 3758 quar·
1153 3675 1167 3716 9

169 3764 239 3836 tum,
254 3763 315 3820 Ser.
330 3761 483 3820 Cornelius
496 3761 715 3838 Maluginensis.
1146 3732 1174 3840 ἒ
