2620 4220
142 347 204 410 25⁶
537 343 708 395 nnarvn

146 491 238 548 “usui
251 497 326 546 sunt.
367 487 441 544 Haec
455 505 540 560 quum
566 487 604 543 ita
627 486 729 542 natura
748 484 884 541 distincta
907 484 973 552 sint,
987 504 1023 542 ex
1037 493 1105 543 utro

147 567 289 625 “tandem
315 583 421 641 genere
441 584 476 622 ea
496 565 541 621 lex
561 583 623 620 esse
644 564 764 634 videtur,
791 581 876 636 quarn
905 563 1104 638 abrogamus?

146 646 221 702 “An
237 655 316 700 vetus
329 643 407 718 regia
420 642 475 714 lex,
489 641 571 699 simul
586 659 651 698 cum
667 642 726 715 ipsa
740 641 809 696 arbe
823 643 913 696 natal
948 641 996 697 An
1012 641 1103 716 (quod

145 733 165 760 ⁴⁸
174 721 331 778 secundum
345 722 402 798 est)
416 721 452 776 ab
466 719 633 778 decemviris
646 719 682 774 ad
706 719 857 774 condenda
875 718 939 792 jura
954 720 1058 776 creatis
1072 719 1103 775 in

146 799 324 856 “duodecim
338 798 441 854 tabulis
461 798 587 872 scriptal
621 797 683 854 sine
696 797 752 869 qua
764 814 851 869 quum
870 795 992 870 majores
1012 797 1103 853 nostri
1126 808 1141 846 ⁵

146 889 232 934 “non
260 876 448 932 existimarint
468 876 557 931 decus
585 873 739 930 matronale
767 874 870 928 servari
898 892 989 948 posse,
1019 874 1104 930 nobis

146 965 166 992 “
175 973 285 1028 quoque
299 953 452 1009 verendum
466 953 512 1019 sit,
526 971 563 1008 ne
576 971 641 1008 oum
661 953 696 1006 eti
716 951 852 1024 pudorem
867 951 1104 1026 sanctitatemque

147 1031 353 1088 “foeminarum
368 1031 543 1104 abrogemus.
583 1029 661 1089 Quis
674 1029 758 1103 igitur
782 1027 884 1094 nescit,
903 1039 1009 1084 novam
1019 1030 1104 1086 istam

147 1109 267 1184 “legem
281 1127 353 1174 esse,
366 1107 406 1168 Q.
423 1107 512 1164 Fabio
526 1119 554 1164 et
567 1107 615 1162 Ti.
632 1106 800 1180 Sempronio
813 1105 987 1178 consulibus,
1002 1107 1104 1182 viginti

146 1193 166 1224 ⁴⁶
175 1187 257 1242 annis
270 1183 337 1242 ant&
351 1185 435 1242 latam
449 1187 460 1240 l
492 1185 554 1241 sine
566 1185 622 1258 qud
636 1201 722 1257 quum
736 1202 785 1258 per
807 1193 847 1238 tot
860 1188 950 1238 annos
967 1195 1103 1240 matronae
1115 1201 1140 1239 re

147 1263 289 1338 “optimis
316 1263 440 1319 moribus
464 1263 593 1333 vixerint,
612 1261 687 1335 quod
707 1261 833 1331 tandem,
854 1279 891 1316 ne
913 1261 1048 1335 abrogata
1068 1265 1104 1318 ed

146 1341 355 1398 “effundantur
368 1342 403 1397 ad
418 1341 567 1412 luxuriam,
583 1338 740 1414 periculum
754 1339 820 1394 est‘l
860 1337 937 1394 Nam
951 1339 975 1394 si
989 1339 1043 1394 ista
1057 1339 1105 1400 lex

147 1419 239 1475 “ideo
253 1419 309 1475 lata
322 1429 405 1488 esset,
420 1430 450 1475 ut
464 1419 558 1474 finiret
580 1417 727 1472 libidinem
748 1416 925 1485 muliebrem,
946 1417 1104 1473 verendum

147 1497 256 1562 “soret,
278 1515 314 1552 no
335 1496 467 1570 abrogata
489 1496 629 1552 incitaret.
670 1493 730 1550 Gur
751 1494 787 1550 sit
807 1505 901 1550 autem
922 1494 989 1570 lata,
1010 1494 1103 1568 ipsum

147 1572 341 1706 “godicavit]
369 1583 489 1647 tempus.
546 1571 690 1628 Hannibal
712 1572 741 1627 in
763 1571 846 1627 Italia
867 1583 936 1642 erat,
958 1571 1046 1628 victor
1067 1573 1140 1628 adra

147 1661 166 1688 ‘⁴
202 1669 313 1706 annas:
331 1669 389 1724 Jam
404 1651 573 1715 Tarentum,
593 1649 651 1724 jam
667 1649 768 1723 Arpos,
787 1650 844 1724 jam
868 1650 996 1724 Capuam
1019 1650 1105 1706 habe·

147 1727 241 1783 “batt
268 1729 303 1784 ad
324 1729 423 1783 urbem
444 1728 568 1784 Romam
590 1727 753 1782 admoturus
766 1727 921 1782 exercitum
937 1727 1104 1783 videbatur:

146 1815 165 1844 ‘⁴
175 1804 339 1862 defecerant
352 1805 441 1861 sociis
471 1825 528 1861 non
544 1805 646 1860 milites
661 1805 689 1860 'm
704 1804 940 1878 supplementum,
959 1823 1016 1862 non
1031 1805 1106 1862 soci-

147 1893 207 1938 “os
220 1883 334 1939 navales
348 1882 382 1938 ad
398 1883 516 1938 classem
541 1883 688 1947 tuendam,
709 1901 767 1938 non
788 1883 940 1956 pecuariam
962 1883 991 1938 in
1006 1883 1105 1939 aerario

146 1971 165 1998 ‘⁶
175 1960 368 2016 habebamus:
402 1961 482 2029 servi,
497 1960 599 2033 quibus
620 1978 697 2014 arma
719 1961 863 2030 darentur,
885 1961 924 2016 ita
938 1973 969 2016 ut
981 1961 1142 2034 pretiumao

146 2037 272 2112 “prolis
286 2038 360 2094 bello
373 2037 498 2112 perfecto
522 2037 644 2093 dominis
665 2036 831 2101 solveretur,
856 2038 1039 2093 emebantur:
1074 2037 1104 2093 in

146 2115 305 2172 “eamdem
319 2115 394 2172 diem
409 2114 548 2190 pecunias,
570 2114 752 2178 frumentum,
773 2122 803 2184 et
822 2125 935 2180 caetera,
956 2133 1018 2187 quae
1038 2113 1105 2170 belli

146 2204 243 2248 “usus
256 2193 441 2267 postulabant,
456 2191 607 2266 praebenda
621 2187 765 2265 publicani
787 2209 818 2246 se
838 2192 1030 2248 conducturos
1043 2209 1107 2265 pro·

147 2281 166 2308 ⁸⁴
175 2269 242 2326 sessi
255 2269 355 2326 erant:
377 2289 471 2326 servos
485 2270 520 2325 ad
534 2286 654 2334 remum,
665 2286 784 2324 numero
794 2286 831 2324 ex
841 2283 930 2324 censu
941 2269 1104 2340 constituto,

147 2358 166 2386 ‘⁶
175 2365 241 2403 cum
256 2347 396 2420 stipendio
409 2357 503 2404 nostro
516 2346 671 2401 dabamus:
693 2363 792 2401 aurum
806 2355 835 2402 et
851 2357 998 2421 argentum
1009 2361 1141 2421 omne‚es

147 2435 165 2462 ‘⁴
175 2424 211 2480 ab
225 2423 401 2480 senatoribus
414 2423 476 2498 ejus
489 2423 529 2478 rei
545 2423 625 2478 initio
637 2433 707 2489 orto,
730 2423 761 2480 in
780 2423 927 2497 publicum
940 2423 1106 2480 confereba-

148 2513 258 2558 “must
292 2500 384 2556 viduae
398 2511 427 2556 et
440 2500 538 2575 pupilli
558 2500 782 2575 pecuniassuas
803 2501 832 2558 in
854 2502 982 2558 erarium
997 2501 1107 2558 delere·
1206 2550 1209 2555 .

147 2579 260 2636 “bant:
282 2592 397 2636 cautum
411 2589 480 2648 erat,
501 2577 558 2652 qud
579 2597 616 2634 ne
630 2578 693 2652 plus
706 2579 766 2634 auri
780 2589 810 2636 et
826 2579 1027 2654 argentifacti,
1048 2578 1106 2653 qud
1178 2629 1182 2633 .

147 2668 212 2714 “ne
233 2657 296 2732 plus
317 2657 420 2732 signati
442 2656 551 2731 argenti
574 2666 603 2712 et
625 2655 696 2727 aeris,
718 2655 796 2712 domi
817 2658 995 2714 haberemus.
1038 2657 1106 2714 Tali

148 2746 301 2810 “tempore
322 2735 351 2792 in
372 2735 483 2792 luxurii
497 2743 525 2790 et
538 2743 638 2791 ornatu
653 2744 788 2790 matronae
801 2747 948 2809 occupatae
970 2745 1060 2811 erant,
1075 2747 1143 2792 uteo

148 2813 288 2870 “adeam
302 2813 489 2869 coercendam
504 2812 549 2868 lex
563 2811 657 2886 Oppia
671 2811 830 2868 desiderata
845 2814 901 2870 sitl
928 2832 1025 2886 quum,
1039 2813 1107 2887 quia

148 2901 167 2930 ‘⁴
177 2891 290 2948 Cereris
313 2890 494 2957 sacrificium,
516 2889 679 2964 lugentibus
701 2890 834 2946 omnibus
855 2891 1000 2960 matronis,
1021 2891 1107 2948 inter·

148 2969 294 3025 “missum
308 2978 376 3040 crat,
396 2978 511 3026 senatus
532 2967 606 3023 finiri
628 2967 736 3027 luctum
758 2967 874 3042 triginta
897 2969 999 3025 diebus
1013 2969 1105 3045 jussit.

149 3046 233 3103 “Cui
255 3066 312 3103 non
333 3055 458 3121 apparet,
473 3045 596 3120 inopiam
617 3054 646 3100 et
666 3043 809 3101 miseriam
831 3046 960 3116 civitatis,
987 3057 1016 3103 et
1040 3046 1107 3120 quia

149 3124 304 3180 “omnium
318 3125 488 3198 privatorum
503 3122 632 3198 pecuniae
647 3121 676 3178 in
701 3141 783 3178 usum
802 3123 947 3198 publicum
962 3124 1105 3180 vertenda
1115 3139 1142 3178 as

149 3211 167 3238 ¹¹
177 3211 266 3270 erant,
281 3211 361 3256 rstam
376 3201 468 3276 legem
484 3201 639 3276 scripsisse,
653 3200 762 3256 tamdiu
776 3219 948 3268 mansuram,
970 3202 1106 3276 quamdiu

148 3289 264 3336 “causa
286 3277 445 3334 scribendae
465 3279 536 3354 legis
557 3278 732 3334 mansissetl
756 3335 759 3338 ,
786 3279 862 3334 Nam
890 3280 923 3344 si,
952 3298 1015 3353 quae
1036 3289 1106 3336 tunc

149 3355 310 3430 “temporis
324 3355 412 3411 causta
425 3367 473 3412 aut
486 3357 612 3412 decrevit
624 3366 747 3426 senatus,
763 3366 811 3415 aut
829 3357 949 3432 populus
966 3356 1059 3432 jussit,
1076 3357 1106 3413 in

149 3444 343 3509 “perpetuum
358 3433 462 3488 servari
483 3444 600 3506 oportet,
622 3452 673 3490 our
692 3434 830 3508 pecunias
850 3435 995 3492 reddimus
1016 3434 1107 3508 priva·

149 3511 236 3568 “tisl
271 3530 322 3568 cur
343 3510 457 3586 publica
481 3511 612 3584 praesenti
632 3511 756 3585 pecunia
776 3511 923 3583 locamusl
957 3529 1008 3568 cur
1022 3511 1143 3577 servito

149 3589 224 3663 “qui
239 3588 369 3655 militent,
395 3608 451 3644 non
473 3589 626 3644 emunturl
657 3607 709 3645 cur
722 3589 822 3664 privati
837 3610 893 3647 non
908 3591 1009 3647 damus
1023 3588 1107 3647 remi·

150 3677 167 3704 ‘⁶
176 3685 236 3744 ges,
251 3666 325 3725 sicut
338 3676 407 3724 tunc
421 3665 551 3723 dedimus
563 3665 575 3720 l
