2630 4228
170 331 225 392 100
559 329 629 378 τιτι
645 330 729 380 urvrr

207 471 271 530 LV.
292 469 367 526 Per
360 481 531 546 interregem
552 471 657 528 deinde
677 471 809 529 consules
823 471 921 539 creati,
936 471 969 528 L
985 471 1164 542 Valerius,
1136 503 1164 568 ‘2⁸¹'

168 549 209 608 M.
224 548 376 618 Horatius;
397 567 445 622 qur
437 549 603 638 extemplo
622 550 815 625 magistratum
837 558 1027 624 occeperunt:
1061 571 1149 640 quo-
1143 586 1157 612 ο

168 647 229 685 rum
241 626 405 686 consulatus
418 627 603 702 popularis'
581 647 643 684 sine
668 628 723 684 ulla
739 628 875 684 Parrum
868 627 982 702 injuria,
998 647 1052 685 nec
1066 629 1128 685 sine
1143 647 1163 732 g

166 705 323 782 offensione
338 705 406 760 suit:
428 705 565 778 quidquid
584 705 662 762 enim
682 705 804 770 libertati
818 705 909 780 plebis
921 718 1078 778 caveretur,
1100 707 1128 762 id

167 784 227 840 suis
240 783 381 840 decedere
397 783 498 857 opibus
522 783 686 840 credebant.
728 783 867 840 Omnium
888 783 1021 857 primum,
1042 783 1158 872 quum:

167 861 276 918 veluti
269 881 298 917 ιιι
313 871 492 918 controverso
509 861 573 936 jure
587 872 671 927 esset,
687 873 890 918 tenerenturne
914 861 1013 917 Patres
1027 846 1158 935 plebis-’⁰

167 940 255 1008 scitis,
269 939 362 1014 legem
376 939 542 995 centuriatis
555 939 711 996 comrtns
699 940 812 1009 tulere,
821 945 839 974 “
851 938 898 1004 Ut,
912 939 987 1012 quod
1002 906 1163 1014 tributim}

167 985 322 1093 “plebes
312 1017 450 1092 Jussisset‚
474 1016 607 1091 populum
630 1016 784 1074 teneret:’'
818 1037 873 1090 qua
860 1016 950 1090 lege
969 1017 1129 1073 tribuniciis

167 1095 360 1168 rogationibus
381 1095 467 1152 telum
490 1095 659 1151 acerrimum
681 1095 778 1151 datum
800 1105 851 1150 ast.
907 1093 1003 1150 Aliam
1024 1095 1128 1152 deinde

166 1173 345 1232 consularem
360 1173 452 1248 legem
467 1173 503 1228 de
517 1172 725 1246 provocatione,
740 1173 857 1232 unicum
872 1172 1034 1260 presidium
1047 1171 1129 1228 liber·
1139 1186 1163 1224 ro

166 1251 241 1321 tatis,
267 1250 449 1306 decemvirali
470 1261 607 1324 potestate
628 1269 763 1320 eversam,
785 1269 841 1306 uon
863 1250 1015 1306 restituunt
1036 1249 1128 1318 modo,

166 1329 217 1384 sed
242 1327 327 1384 etiam
350 1329 378 1384 in
399 1340 542 1416 posterum
563 1329 706 1398 muniunt,
728 1328 884 1384 sanciendo
903 1346 1004 1384 novam
1026 1327 1127 1402 legem,

167 1413 186 1442 ‘⁸
197 1405 226 1462 N
228 1426 244 1461 e
258 1406 320 1480 quis
334 1406 421 1462 ullum
437 1406 630 1479 magistratum
645 1406 707 1462 sine
721 1401 919 1480 provocatione
933 1397 1059 1462 crearet:
1068 1406 1129 1494 qui

167 1489 186 1520 “
195 1484 330 1554 creasset,
344 1503 410 1538 eum
422 1483 468 1558 jus
482 1483 578 1556 sasque
593 1495 667 1540 esset
680 1483 795 1540 occidi:
815 1503 887 1540 neve
899 1503 936 1542 ea
948 1484 1043 1540 caedes
1053 1483 1129 1572 capi·

167 1567 185 1598 ‘⁶
196 1563 259 1618 talis
273 1580 354 1618 noxie
368 1561 549 1618 baberetur.’'
591 1561 628 1618 Et
641 1581 728 1635 quum
743 1561 856 1636 plebem
875 1561 1129 1635 hincprovocatio-
1139 1573 1163 1614 ra

166 1658 213 1708 ne,
228 1639 296 1696 hinc
311 1639 464 1695 tribunicio
478 1639 582 1696 auxilio
596 1639 663 1695 satis
677 1639 845 1706 firmassent,
868 1639 936 1714 ipsis
956 1659 1067 1713 quoque
1082 1639 1129 1694 tri-

167 1717 261 1788 bunis,
282 1727 313 1774 ut
327 1717 500 1774 sacrosancti
521 1717 683 1774 viderentur
706 1717 803 1792 (cujus
825 1718 866 1774 rei
887 1716 973 1792 prope
992 1717 1051 1792 jam
1072 1735 1130 1773 me·

167 1795 256 1852 moria
283 1795 470 1872 aboleverat),
495 1795 591 1852 relatis
611 1795 780 1869 quibusdam
802 1815 838 1852 ex
859 1815 963 1870 magno
983 1794 1129 1852 intervallo

166 1873 348 1945 cerimoniis,
372 1874 561 1942 renovarunt;
593 1884 621 1930 et
634 1893 720 1947 quum
742 1874 879 1948 religione
901 1873 1049 1930 inviolatos
1069 1892 1127 1940 eos,

167 1961 227 2008 tum
253 1951 317 2026 lege
345 1951 430 2008 etiam
459 1951 598 2018 lecerunt,
628 1952 794 2018 sanciendo,
830 1959 847 1988 ‘⁶
858 1952 904 2018 Ut,
933 1951 980 2025 qui
1009 1951 1163 2008 tribunisa

168 2034 187 2066 ‘⁶
199 2030 299 2104 plebis,
314 2029 452 2100 aedilibus,
470 2029 625 2105 judicibus,
645 2029 813 2086 decemviris
831 2029 985 2096 nocuisset,
1008 2029 1068 2104 ejus
1082 2048 1130 2084 ca-

168 2111 248 2182 “put
262 2107 326 2164 Jovr
347 2127 460 2164 sacrum
481 2118 571 2164 esset:
601 2107 708 2164 familia
729 2109 764 2164 ad
779 2108 869 2164 aedem
884 2108 1005 2178 CereriS,
1023 2107 1128 2178 Liberi
1173 2132 1188 2149 ··

168 2189 187 2222 ‘⁴
200 2185 366 2260 Liberaeque
388 2205 492 2242 venum
514 2185 595 2242 iret.''
649 2186 712 2242 Hac
733 2185 824 2260 lege
815 2186 886 2260 Juris
900 2187 1067 2260 interpretes
1081 2203 1130 2240 ne-

167 2274 237 2351 gant
250 2282 419 2336 quemquam
445 2274 657 2320 sacrosanctum
678 2283 760 2320 esse:
794 2265 873 2320 sed
866 2283 941 2331 eum,
963 2263 1010 2336 qui
1031 2269 1128 2320 eorum

123 2353 130 2369 ·
168 2341 301 2413 cuiquam
316 2341 455 2407 nocuerit,
471 2361 583 2398 sacrum
598 2341 712 2400 sanciri.
755 2342 855 2416 Itaque
876 2309 986 2397 aedilem
1010 2341 1130 2433 prehen·
1118 2350 1163 2388 ΑΞ

146 2423 150 2448 ¹
168 2417 197 2474 dr
212 2418 335 2492 ducique
357 2436 374 2474 a
394 2419 547 2494 majoribus
567 2419 797 2494 magistratibus:
828 2420 900 2494 quod
916 2419 968 2476 etsi
989 2437 1047 2474 non
1054 2419 1129 2493 jure

168 2495 218 2552 liat
239 2494 351 2572 (noceri
372 2496 448 2552 enim
463 2497 500 2568 ei,
523 2497 570 2554 cui
592 2498 646 2554 hac
658 2497 730 2574 lege
744 2517 801 2556 uon
816 2498 924 2574 liceat),
939 2508 1034 2553 temen
1049 2515 1131 2571 argu·

168 2585 297 2630 mentum
312 2591 384 2640 esse,
400 2582 456 2630 no'n
471 2574 568 2630 haberi
583 2594 633 2649 pro
646 2587 827 2634 sacrosancto
842 2576 952 2632 aedilem
965 2594 972 2631 ι
1002 2575 1130 2630 tribunos

169 2661 262 2708 vetere
274 2651 459 2726 jurejurando
472 2651 573 2726 plebis,
583 2672 671 2726 quum
685 2653 877 2728 primumcum
891 2663 1057 2728 potestatem
1071 2670 1131 2708 cre-

169 2729 236 2796 avit,
252 2741 448 2786 sacrosanctos
462 2749 539 2790 esse.
576 2730 599 2787 F
603 2729 681 2798 uere,
696 2732 743 2805 qui
753 2733 1013 2806 interpretarentur,
1028 2730 1129 2786 cadem
1139 2737 1165 2776 ³⁰

169 2808 224 2864 hac
239 2807 359 2864 Horatial
373 2807 436 2882 lege
450 2809 614 2864 consulibus
635 2828 745 2884 quoque
769 2823 798 2866 et
819 2809 991 2884 praetoribus
1005 2808 1072 2881 quia
1085 2807 1132 2864 iis·

168 2885 234 2942 dem
254 2885 399 2960 auspiciis,
419 2886 522 2959 quibus
548 2887 692 2958 consuleS,
714 2899 888 2953 crearentur,
910 2897 1025 2942 cautum
1046 2903 1130 2941 esse:

166 2963 294 3038 judicem
316 2963 393 3020 enim
414 2963 561 3020 consulem
583 2964 737 3038 appellari:
758 2985 820 3040 quae
841 2965 976 3022 refellitur
998 2964 1133 3037 interpre-

170 3041 248 3111 tatio,
262 3040 336 3115 qubd
353 3041 396 3097 his
410 3041 583 3116 temporibus
604 3043 731 3099 nondum
753 3044 899 3102 consulem
918 3041 1056 3118 judicem,
1081 3040 1131 3098 sed

169 3130 327 3192 pretorem,
343 3119 477 3194 appellari
493 3138 552 3176 mos
567 3119 659 3177 fuerit.
702 3121 756 3176 11ae
770 3122 934 3179 consulares
951 3121 1029 3196 leges
1043 3119 1130 3176 suere.
1140 3126 1166 3166 ³5

169 3196 335 3252 Institutum
346 3197 584 3254 etiamabiisdem
593 3199 770 3266 consulibus,
788 3210 816 3256 ut
834 3197 1093 3256 senatus-consulta
1102 3197 1131 3252 in

170 3275 260 3330 aedem
276 3273 390 3330 Cereris
404 3276 439 3331 ad
455 3275 551 3332 aediles
572 3275 662 3350 plebis
683 3277 877 3346 deferrentur;
907 3296 969 3352 qnae
993 3287 1076 3333 antea
1091 3293 1133 3331 ar-

169 3352 253 3408 bitrio
266 3353 415 3408 consulum
437 3353 684 3428 supprimebantur
708 3355 942 3428 vitiabanturque.
984 3354 1025 3410 M.
1041 3353 1132 3409 Duili-

169 3448 204 3484 us
218 3430 332 3519 deinde,
347 3431 477 3488 tribunus
491 3431 591 3505 plebis,
605 3432 716 3506 plebem
731 3433 849 3506 rogavit,
852 3433 1016 3521 plebesque
1030 3430 1130 3486 scivit:

170 3511 249 3597 “qur
242 3508 374 3582 plebem
396 3510 458 3566 sine
480 3509 601 3566 tribunis
621 3511 789 3584 reliquisset,
811 3511 915 3584 quique
936 3509 1165 3610 ιιιιιςιιιιιιιῑιιιιιω

170 3587 260 3642 “sine
281 3587 479 3660 provocatione
501 3588 635 3653 creasset,
667 3599 746 3662 tergo
777 3607 811 3646 ac
842 3588 934 3660 capite
955 3584 1130 3672 puniretur

171 3664 244 3721 Haec
272 3664 369 3720 omnia
397 3677 428 3722 ut
456 3665 560 3736 invitis,
592 3665 631 3720 ita
664 3684 721 3721 non
753 3665 976 3734 adversantibus
1006 3661 1133 3736 patriciis
1174 3729 1179 3736 .

171 3752 327 3813 trausacta;
348 3743 415 3818 quia
428 3743 576 3800 nondum
568 3761 599 3798 nr
612 3760 782 3817 quemquam
796 3761 885 3801 unum
899 3741 1074 3800 seviebatur.
