2620 4220
110 319 120 330 ‘
148 331 210 392 aas
551 331 621 382 nn
637 330 723 382 crvn

149 477 208 532 “se
222 472 258 530 ad
273 471 386 530 Poenos.
420 471 561 548 Capuam,
575 473 650 548 quod
664 482 760 548 caput,
771 490 830 530 uon
839 470 1006 548 Campaniae
1017 472 1114 542 modd,

149 551 237 618 “sed,
251 561 315 626 post
328 550 462 608 afflictam
476 569 535 607 rem
561 551 723 608 Romanam
738 549 886 608 Cannensi
900 551 1007 627 pugni,
1022 550 1115 610 Italia
1164 553 1165 556 ’

148 629 221 696 “sit,
237 627 395 686 Hannibali
410 647 441 686 se
455 628 613 686 tradidisse.
642 629 698 686 Pro
709 628 753 686 his
766 628 852 686 tantis
865 639 963 703 totque
976 629 1113 698 victoriis,

148 710 167 743 ‘⁶
175 724 275 764 verum
288 725 362 778 esse,
375 717 471 786 grates
484 705 555 764 Deis
569 707 775 764 immortalibus
788 707 835 784 agi
847 707 1033 782 ¹haberiquc.’'

186 860 259 920 ΧΠ.
293 863 342 920 Ar
366 863 451 942 soem
472 818 578 920 aena
598 838 656 920 ani
676 863 931 933 rerumrerum,
952 863 1062 921 effuant
1083 863 1114 922 in
1135 881 1152 923 a

148 941 287 999 vestibulo
310 942 397 999 ouriae
416 941 501 1018 jussit
521 941 643 1004 annulos
663 961 780 1011 aureos3
814 941 863 1016 qui
877 952 973 999 tantus
994 961 1123 1001 acervus-

148 1016 209 1086 tuit,
225 1019 469 1090 ut,‚metientibus
490 1019 640 1076 dimidium
661 1038 746 1094 super
766 1031 824 1076 tres
844 1020 956 1078 modios
974 1021 1114 1096 explesse,

147 1095 204 1153 siut
217 1097 332 1172 quidam
347 1108 485 1154 auctores.
528 1095 619 1154 Fama
639 1098 740 1164 tenuit,
762 1116 825 1172 quae
846 1098 958 1174 propior
979 1117 1046 1156 vero
1059 1109 1113 1168 est,

147 1173 223 1231 baud
238 1175 301 1250 plus
315 1175 401 1232 fuisse
416 1176 520 1234 modio.
562 1176 680 1252 Adjecit
693 1175 798 1234 deinde
813 1176 916 1243 verbis,
930 1175 985 1250 qud
1000 1177 1115 1252 majoris

146 1251 236 1309 cladis
247 1251 387 1310 indicium
401 1265 486 1320 esset,
501 1254 657 1326 neminem,
679 1254 734 1311 uisi
748 1254 884 1328 equitem,
909 1265 994 1328 atque
1014 1274 1114 1314 eorum
1126 1272 1150 1312 to

148 1329 275 1405 ipsorum
287 1331 434 1410 primores,
446 1331 474 1389 id
488 1349 587 1407 gerere
601 1333 723 1407 insigne.
766 1333 886 1396 Summa
900 1331 954 1389 luit
966 1333 1112 1402 orationis,

147 1407 248 1470 “Qud
262 1409 375 1486 propiis
389 1429 467 1486 spern
483 1410 548 1466 belli
563 1410 730 1486 perficiendi
744 1410 790 1477 sit,
813 1409 848 1467 ed
863 1410 954 1486 magis
967 1411 1045 1468 omni
1059 1431 1114 1486 ope

147 1489 166 1522 “
174 1485 333 1562 juvandum
347 1487 540 1546 Hannibalern
555 1507 637 1545 esse:
665 1488 762 1563 procul
777 1488 855 1546 enim
870 1489 906 1546 ab
920 1489 1006 1546 domo
1020 1489 1115 1547 militi·

147 1569 166 1602 “
178 1584 223 1622 am
239 1584 311 1632 esse,
327 1567 356 1622 in
371 1567 465 1624 medii
480 1565 603 1624 hostium
617 1569 711 1624 terrai:
747 1586 880 1642 magnam
895 1565 952 1624 vim
967 1567 1114 1642 frumenti,

146 1646 165 1680 “
176 1644 318 1716 pecuniae,
329 1645 440 1701 absumi
451 1664 458 1699 ε
473 1653 502 1701 et
510 1655 551 1702 tot
562 1645 649 1712 acies,
662 1655 692 1702 ut
704 1645 826 1702 hostium
838 1645 981 1702 exercitus
990 1646 1113 1721 delesse,
1124 1663 1149 1702 15

146 1719 217 1778 “ita
231 1722 345 1780 victoris
365 1723 451 1780 etiarn
477 1723 574 1798 copias
597 1735 676 1798 parte
699 1723 791 1798 aliqui
807 1723 953 1792 minuisse.
995 1723 1115 1782 Mitten-

145 1801 165 1834 “
176 1799 243 1856 dum
259 1800 345 1876 igitur
359 1802 588 1877 supplementum
612 1819 686 1874 esse,
710 1802 878 1860 mittendam
893 1801 923 1859 in
937 1802 1114 1878 stipendium

145 1879 164 1914 ‘⁶
175 1879 338 1954 pecuniam,
367 1880 607 1955 frumentumque,
634 1891 692 1938 tam
714 1881 788 1937 bene
809 1880 918 1938 meritis
938 1881 975 1938 de
995 1882 1114 1940 nornine

146 1955 286 2015 “Punico
300 1959 468 2018 militibus.'’
508 1959 678 2017 ¹Secundum
700 1959 762 2016 haec
786 1958 865 2034 dicta
885 1957 1020 2036 Magonis
1041 1960 1114 2018 latis

144 2036 286 2108 omnibus,
310 2037 447 2104 Himilco,
472 2037 514 2094 vir
527 2037 660 2095 sectionis
674 2037 817 2108 Barcinae,
840 2035 936 2095 locum
958 2037 1149 2096 Hannonisao

144 2110 313 2190 increpandi
327 2135 390 2174 esse
404 2127 491 2182 ratus,
505 2122 524 2153 “
533 2116 614 2192 Quid
623 2126 677 2188 est,
689 2115 797 2172 Hanno
808 2117 820 2170 l
830 2115 849 2142 ’'
863 2115 973 2190 inquit:
995 2122 1014 2153 ‘⁶
1026 2117 1127 2175 etiam·

144 2193 252 2250 “nunc
279 2195 398 2268 poeuitet
425 2194 490 2250 belli
512 2194 637 2269 suscepti
658 2193 794 2251 adversus
814 2193 982 2253 Romandsl
1036 2193 1114 2252 Jube

144 2270 239 2328 “dedi
256 2272 466 2330 Hannibalern:
488 2273 595 2329 retain
610 2283 667 2330 tarn
683 2271 823 2348 prosperis
838 2272 924 2330 rebus
940 2283 1035 2349 grates
1052 2274 1115 2330 Diis

71 2355 73 2360 '
144 2349 378 2406 “immortalibus
392 2351 438 2425 agi
451 2369 458 2406 ε
480 2349 630 2407 audiamus
644 2351 809 2407 Romanurn
823 2361 983 2408 senatorem
999 2352 1028 2411 in
1043 2351 1115 2409 Oar-

144 2427 163 2466 “
172 2427 396 2502 thaginiensium
411 2427 520 2485 curii.''
562 2427 642 2486 Turn
657 2429 783 2486 Hanno:
805 2429 1006 2490 “Tacuissem
1017 2431 1151 2499 hodiem

144 2505 274 2562 “Patres
294 2506 461 2582 conscripti,
482 2526 520 2564 ne
540 2507 618 2582 quid,
640 2499 676 2565 in'
691 2507 837 2566 communi
852 2509 982 2566 omnium
997 2509 1114 2585 gaudio,

145 2586 164 2622 ‘⁸
173 2583 272 2642 miuus
285 2584 382 2642 laetum
395 2585 472 2660 quod
486 2596 562 2644 esset
576 2586 664 2658 vobis,
678 2587 827 2662 loquerer;
849 2606 928 2644 nunc
939 2587 1116 2663 interrogau-

144 2663 194 2720 “ti
209 2664 340 2734 senatori,
366 2664 541 2742 poeniteatne
569 2684 615 2722 rne
636 2665 731 2722 adhuc
752 2665 876 2740 suscepti
898 2665 1033 2723 adversus
1053 2665 1115 2724 Ro·

145 2749 164 2780 ‘¹
174 2761 275 2800 manos
296 2743 372 2814 belli,
387 2743 411 2800 si
426 2743 572 2811 reticeam,
587 2755 636 2800 aut
660 2743 799 2820 superbus
822 2754 871 2800 aut
883 2743 1023 2802 obnoxius
1037 2745 1115 2809 vide,-

144 2827 224 2891 “ar;
245 2839 364 2897 quorum
380 2821 499 2894 alterurn
523 2832 567 2879 est
589 2821 712 2882 hominis
736 2821 837 2878 alienae
861 2821 999 2881 libertatis
1022 2823 1151 2895 obliti,so

145 2900 294 2958 “alterum
308 2919 376 2957 sua.
419 2900 622 2975 Respondeam
638 2901 724 2976 igitur
740 2899 920 2968 Himilconi,
931 2920 990 2958 nou
1003 2901 1114 2959 desisse

145 2986 165 3021 ‘t
174 2979 311 3056 poenitere
326 2997 372 3035 me
386 2977 463 3045 belli,
478 2995 572 3053 neque
586 2979 744 3036 desiturum
759 2980 825 3036 ante
836 2979 974 3037 invictum
988 2991 1115 3038 vestrum

145 3057 373 3134 “imperatorem
389 3057 538 3126 incusare„
560 3054 646 3132 qudrn
657 3057 769 3115 finitum
784 3058 879 3133 aliqui
893 3057 1032 3116 tolerabili
1047 3077 1115 3116 con·

145 3135 282 3192 “ditione
297 3137 402 3193 bellum
417 3136 530 3194 videro:
553 3155 608 3193 nec
622 3135 692 3193 mihi
706 3136 786 3212 pacis
800 3137 924 3212 antiquae
937 3137 1114 3194 desiderium

146 3213 232 3271 “ulla
256 3213 312 3272 alia
332 3233 387 3288 res,
408 3211 494 3289 quiam
520 3233 576 3291 pax
594 3219 680 3285 'nova¹
707 3213 795 3272 finiet.
838 3215 939 3291 Itaque
967 3217 1030 3288 ista,
1050 3231 1151 3290 quaest

146 3290 258 3350 ecmodb
291 3291 378 3378 Mago
404 3293 529 3369 jactavit,
558 3293 717 3350 Himilconi
746 3293 913 3368 ceterisque
941 3291 1115 3352 Hannibalis

146 3370 343 3428 “satellitibus
361 3371 421 3447 jam
442 3371 507 3428 laeta
527 3382 610 3432 sunt:
643 3372 713 3429 mihi
734 3382 852 3447 possunt
866 3372 931 3430 laeta
950 3391 1024 3446 esse,
1047 3373 1117 3448 quia

146 3463 166 3498 <t
175 3469 220 3507 res
234 3449 309 3506 bello
323 3450 396 3508 bene
411 3460 507 3526 gestae,
523 3451 547 3507 si
560 3450 690 3508 volumus
714 3450 828 3508 fortuna
842 3451 894 3517 uti,
916 3469 1017 3528 paoem
1031 3451 1116 3510 nobis

146 3543 166 3578 ιι
176 3528 329 3604 aequiorem
350 3529 475 3586 dabunt:
510 3548 576 3586 narn
604 3530 628 3586 si
649 3529 891 3604 pretermittimus
916 3529 971 3588 hoc
992 3541 1115 3606 tempus,

147 3623 165 3658 tt
178 3627 234 3683 quo
248 3608 339 3684 magis
365 3609 433 3664 dare
454 3605 541 3682 quim
567 3608 698 3682 accipere
723 3627 873 3682 possumus
895 3609 984 3666 videri
1002 3625 1151 3684 pacem,to

147 3701 167 3735 tt
177 3705 285 3753 vereor,
301 3705 337 3742 ne
351 3687 414 3742 haec
428 3704 538 3760 quoque
552 3685 650 3741 latitia
660 3712 661 3716 ¹
673 3687 796 3744 luxuriet
809 3687 901 3755 nobis,
917 3707 951 3744 ac
966 3706 1038 3744 vana
1051 3705 1116 3744 eva·

57 3817 59 3821 .
147 3779 166 3813 tt
175 3764 232 3822 dat.
273 3763 351 3826 Qua
365 3775 461 3822 umen
475 3781 554 3821 nunc
567 3763 856 3839 quoquequallsestl
896 3765 1021 3824 ‘Occidi
1034 3783 1115 3823 exer·
