2632 4224
149 327 189 386 ta
218 341 220 346 ¹
492 330 494 334 ·
537 329 605 378 rin
624 331 708 380 arvu

149 479 209 526 turn
224 467 320 524 caeteri
335 481 513 526 servaverant
533 473 628 549 reges)
655 465 754 528 virdim
779 473 943 550 suffragium
964 478 1064 536 ealdem
1079 480 1104 538 vi

149 547 306 620 eodemque
318 545 380 620 jure
399 548 558 618 promiscue
579 550 711 606 omnibus
731 551 827 608 datum
847 559 905 607 est:
938 557 987 610 sed
1002 559 1106 630 gradus

150 623 226 689 facti,
242 634 273 680 ut
286 641 378 697 neque
393 624 526 682 exclusus
539 627 685 700 quisquam
709 629 843 703 suffragio
857 630 1006 705 videretur,
1021 645 1049 690 et
1063 637 1106 692 vis

102 745 107 764 ,,
147 701 240 757 omnis
253 719 341 775 penes
360 701 496 774 primores
510 703 633 761 civitatis
652 716 735 762 esset.
767 706 907 781 quuites
927 711 1003 766 enim
1025 730 1106 769 voca·

148 778 250 835 bantur
263 779 364 860 primi3
384 781 527 854 octoginta
541 781 608 837 inde
621 783 718 856 primae
762 785 831 840 assir
845 788 997 844 centuriae:
1029 790 1067 846 ibi
1082 791 1105 846 si
1126 806 1140 844 5

148 857 276 926 variaret,
292 857 366 930 quod
380 857 442 912 rard
457 858 612 926 incidebat,
627 871 657 916 ut
671 863 804 917 secundae
816 863 913 920 classis
924 879 1104 924 vocarentur:

148 953 203 991 nec
218 933 275 990 lere
289 953 413 1007 unquam
427 934 498 1008 infra
522 935 561 992 ita
582 937 798 1008 descenderent,
820 951 851 998 ut
870 943 905 998 ad
920 943 1031 1000 infimos
1044 963 1106 1018 per·

148 1012 285 1068 venirent.
328 1012 392 1067 Nec
407 1012 500 1069 mirari
514 1024 632 1088 oportet,
648 1017 725 1072 hunc
738 1018 877 1090 ordinem,
891 1021 939 1093 qui
953 1039 1031 1078 nunc
1052 1033 1104 1089 est,

147 1104 211 1164 post
231 1089 356 1164 expletas
377 1089 500 1164 quinque
521 1105 551 1148 et
570 1092 687 1167 triginta
708 1093 805 1164 tribus,
838 1097 981 1170 duplicato
1008 1117 1104 1155 earum

148 1187 276 1233 numero,
292 1168 429 1223 centuriis
440 1168 583 1242 juniorum
607 1171 817 1244 seniorumque,
839 1174 874 1228 ad
898 1174 1055 1232 institutam
1069 1177 1105 1232 ab
1116 1191 1140 1229 1o

148 1245 247 1302 Servio
260 1245 358 1301 Tullio
372 1264 511 1328 sugngnjm
526 1267 582 1304 non
603 1249 775 1306 convenire:
809 1252 1007 1322 quadrifariam
1028 1254 1104 1310 enirn

15 1323 216 1392 '.nre„.,l;},ul·lte
237 1323 326 1378 divisa
346 1323 510 1396 regionibus
530 1325 713 1397 collibusque,
735 1346 797 1398 quae
815 1328 977 1384 habitantur
1001 1341 1103 1403 partes,
1161 1360 1167 1368 ·

147 1401 257 1457 Tribus
277 1420 326 1456 eas
347 1401 512 1474 appellavit3
547 1412 578 1457 ut
598 1421 652 1476 ego
673 1402 800 1469 arbitror,
821 1404 857 1458 ab
877 1404 1003 1472 tribut03
1038 1425 1104 1462 nam

136 1479 208 1554 ejus
221 1497 333 1553 quoque
347 1477 491 1550 equaliter
511 1497 546 1535 ex
568 1497 656 1535 censu
671 1479 836 1548 conferendi
858 1481 893 1536 ab
913 1483 1013 1538 eodem
1034 1483 1105 1540 inita

145 1557 216 1614 ratio
230 1568 280 1613 est.
322 1555 425 1629 Neque
440 1557 483 1611 hae
497 1557 586 1612 tribus
608 1558 642 1612 ad
664 1558 856 1615 centuriarum
877 1559 1103 1618 distributionem
1113 1575 1138 1652 {⁵

146 1652 351 1708 numerumque
366 1633 518 1707 quidquam
533 1635 703 1710 pertinuere.
709 1651 741 1770 ff
842 1631 847 1658 ¹

748 1651 873 1766 Μ
899 1651 950 1738 ἧς*
964 1625 1191 1742 addlmttpll

821 1747 831 1758 ⁸
973 1731 1031 1794 CM
1048 1726 1238 1790 &cafardan

184 1790 294 1848 XLIV.
317 1790 413 1847 Censu
430 1791 564 1866 perfecto,
579 1811 662 1866 quem
683 1803 871 1850 maturaverat
885 1804 962 1850 metu
983 1795 1054 1869 legis
1067 1797 1104 1852 de

113 1877 118 1888 '
146 1869 272 1926 incensis
286 1869 349 1925 latae
373 1889 440 1925 cunr
463 1870 640 1926 vinculorum
662 1871 748 1926 minis
772 1871 931 1944 mortisque,
952 1873 1050 1938 edixit,
1072 1885 1103 1929 ut

143 1967 242 2004 omnes
263 1948 339 2003 cives
363 1947 497 2014 Romani,
521 1949 629 2022 equites
650 1949 824 2023 peditesque,
850 1949 879 2004 in
904 1949 962 2004 suis
985 1949 1103 2022 quisque
1140 1963 1153 2002 J

144 2026 288 2095 centuriis,
313 2026 341 2081 in
361 2025 471 2100 Campo
495 2026 600 2083 Martio
621 2027 711 2100 primia
733 2026 797 2082 luce
820 2027 959 2082 adessent.
1003 2027 1046 2083 lbi
1061 2029 1138 2090 imon

144 2116 281 2160 structum
295 2103 453 2160 exercitum
468 2123 581 2160 omnem
596 2103 831 2162 suovetaurilibus
844 2104 987 2160 lustravit:
1019 2105 1103 2178 idque

144 2181 284 2238 coaditum
298 2181 412 2236 lustrum
427 2183 605 2255 appellatum,
630 2184 696 2254 quia
717 2182 741 2238 is
765 2181 910 2238 censendo
933 2182 998 2238 finis
1013 2183 1105 2240 factus

144 2271 194 2316 est.
236 2258 328 2314 Millia
342 2259 486 2334 octoginta
499 2277 533 2315 eo
542 2260 628 2315 lustro
642 2260 746 2314 civium
758 2279 845 2315 censa
858 2260 1001 2316 dicuntur.
1043 2262 1104 2316 Ad-

140 2338 204 2412 jicit
230 2337 397 2410 scriptorum
419 2337 640 2410 antiquissimus,
666 2335 773 2392 Fabius
794 2336 898 2401 Pictor,
926 2355 1033 2402 eorum,
1054 2339 1103 2410 qui

144 2416 216 2471 serre
230 2434 308 2470 arma
322 2426 444 2488 possent,
466 2433 531 2470 eum
553 2433 701 2470 numerum
717 2413 811 2490 luisse.
854 2414 901 2469 Ad
925 2433 987 2470 eam
1009 2416 1137 2475 multi-os

143 2494 272 2550 tudinem
296 2493 362 2548 urbs
385 2511 495 2566 quoque
517 2492 717 2566 amplificanda
741 2493 799 2547 visa
820 2501 870 2547 est.
918 2493 1008 2548 Addit
1031 2493 1102 2548 duos

143 2573 240 2638 colles,
266 2569 448 2630 Quirinalem
478 2567 721 2643 Viminalemque:
756 2569 823 2625 inde
854 2569 990 2644 deinceps
1018 2581 1103 2644 auget

144 2649 302 2724 Esquilias:
323 2649 417 2722 ibique
432 2648 501 2722 ipse,
524 2659 555 2704 ut
569 2648 632 2705 loco
645 2648 768 2722 dignitas
782 2647 871 2718 lieret,
886 2648 1001 2704 habitat.
1043 2649 1102 2722 Ag-

143 2747 210 2804 gere
235 2737 264 2783 et
287 2726 368 2783 fossis
391 2737 419 2782 et
443 2745 523 2782 muro
544 2727 702 2782 circumdat
725 2725 842 2782 urbem:
876 2725 915 2781 ita
935 2726 1100 2799 pomoerium

147 2806 260 2880 profert.
289 2805 471 2871 Pomoerinm,
483 2805 560 2859 verbi
576 2805 630 2859 vim
645 2804 731 2860 solam
748 2803 900 2871 intuentes,
909 2805 1100 2877 postmoerium
1110 2823 1135 2862 ab

144 2886 361 2958 interpretantur
376 2901 446 2938 esse.
488 2882 540 2938 Est
554 2893 647 2938 autern
671 2882 762 2956 magis
785 2882 862 2937 circa
886 2899 998 2936 murum
1012 2881 1100 2950 locus,

143 2981 226 3036 quem
249 2961 278 3017 in
299 2961 457 3016 condendis
479 2960 593 3015 urbibus
613 2960 754 3032 quondam
779 2959 903 3029 Etrusci,
917 2959 975 3033 qud
990 2977 1100 3015 murum

143 3041 256 3096 ducturi
271 3049 360 3104 erant,
373 3039 458 3095 certis
472 3037 550 3094 circa
563 3037 691 3093 terminis
700 3035 867 3111 inaugurato
879 3037 1100 3104 consecrabant,

143 3129 175 3175 ut
196 3137 290 3191 neque
310 3117 441 3172 interiore
465 3127 543 3190 parte
565 3115 685 3172 aediticia
703 3115 844 3170 moenibus
858 3115 1100 3184 continuarentur,

143 3216 205 3271 quae
220 3215 297 3252 nunc
312 3193 394 3268 vulgo
408 3195 493 3250 etiam
508 3193 704 3268 conjungunt3
732 3203 761 3248 et
773 3191 961 3260 ,extrinsecus
974 3194 1037 3266 puri
1052 3193 1101 3248 ali·
1111 3209 1135 3250 ss

142 3275 211 3350 quid
225 3273 260 3330 ab
275 3275 399 3329 humano
414 3273 492 3328 cultu
516 3282 624 3346 pateret
637 3272 698 3328 soli.
740 3271 805 3327 Hoc
819 3270 950 3344 spatium,
965 3271 1038 3344 quod
1054 3289 1102 3326 ne·

143 3373 197 3428 que
214 3351 331 3408 habitari
348 3369 439 3424 neque
454 3351 525 3406 arari
541 3350 582 3405 sas
602 3361 672 3421 erat,
694 3369 751 3406 non
763 3383 765 3386 -
776 3348 867 3423 magis
880 3347 956 3421 quod
964 3357 1032 3423 post
1045 3368 1101 3403 naer-

144 3451 203 3486 rrna
218 3440 301 3496 essct,
316 3427 400 3502 qndm
415 3428 488 3502 quod
501 3447 597 3484 murus
611 3440 672 3501 post
681 3429 719 3493 id,
734 3426 902 3502 pomoerium
917 3425 1042 3482 Romani
1054 3443 1101 3496 ap·

143 3510 299 3585 pelldrunt:
321 3517 349 3562 et
363 3507 391 3562 in
407 3507 483 3562 urbis
504 3507 689 3572 incremento,
711 3524 832 3579 semper,
845 3501 980 3576 quantrim
995 3500 1101 3556 moenia

93 3617 97 3624 ·
144 3606 310 3664 processura
318 3597 407 3651 erant,
419 3585 532 3642 tantdm
543 3584 656 3640 termini
668 3584 697 3640 hi
708 3581 866 3648 consecrati
878 3579 1099 3654 proferebantur.
1109 3594 1135 3634 tu
