2630 4228
507 335 613 388 LIBER
629 335 660 385 V.
693 349 754 386 cue.
772 349 833 385 mn.
1095 332 1152 392 133

224 476 310 536 LIII.
332 482 350 514 “
363 481 440 537 ‘Sed
454 499 499 536 res
513 479 574 554 ipsa
588 480 664 554 cogit
675 490 781 534 vestam
795 477 936 535 incendiis
950 478 1096 552 ruinisque
1110 497 1140 534 re

185 557 362 632 “‘linquere
377 559 486 624 urbem,
501 557 606 636 etad
600 570 711 631 integra
730 558 827 614 omnia
850 557 936 630 VeJ'os
949 557 1082 630 migrare,
1097 575 1153 613 nee.

184 637 220 670 “‘
231 637 277 692 hle
290 637 480 694 aedificando
474 631 587 710 inopem
603 636 716 709 plebem
731 633 851 690 vexare!
887 635 972 691 Hanc
987 649 1082 692 eutem
1094 636 1154 710 jac·

184 715 266 770 “tari
280 716 371 788 magis
392 734 507 770 causam
512 713 619 787 ‚quem
635 733 729 769 veram
751 733 813 770 esse
816 713 891 802 ‚(ut·
904 732 960 801 ego
972 733 1028 769 non
1043 713 1153 790 dicam)

163 796 204 836 ⁵“
214 811 350 868 apparere
365 793 453 856 vobis,
467 760 608 862 Quirites,
624 804 709 865 put0;
744 792 791 863 qui
807 791 986 855 meministis,
1008 803 1074 848 ante
1088 792 1155 848 Gal·

186 875 204 906 “
215 870 304 926 lorum
320 872 485 936 adventum,
510 871 593 926 salvis
612 870 695 925 tectis
715 869 838 944 publicis
859 869 1040 943 privatisque,
1061 881 1153 926 stante

186 949 352 1022 “incolumi
369 950 447 1016 urbe,
464 950 538 1009 hanc
563 948 693 1004 eamdem
721 967 780 1002 rem
802 961 894 1004 aetam
917 967 990 1016 esse,
1015 961 1046 1003 ut
1068 949 1155 1023 Vejos

186 1031 204 1064 “
215 1027 491 1101 transmigraremus.
535 1025 572 1082 Et
594 1027 696 1094 videte,
721 1038 858 1098 quantum
885 1027 957 1081 inter
978 1043 1070 1082 meam
1093 1045 1156 1085 sen.-

186 1111 204 1142 “
215 1105 331 1160 tentiam
357 1117 535 1178 vestramque
557 1105 678 1170 intersit,
700 1105 814 1160 tribuni.
856 1104 926 1167 νοτ,
949 1105 1060 1160 etiamsi
1085 1116 1155 1160 tunc

153 1182 379 1238 1⁰“faciendum
407 1203 466 1240 non
494 1183 587 1247 suerit,
616 1201 695 1238 nunc
722 1182 818 1254 utique
848 1182 1010 1238 laciendum
1033 1183 1154 1256 putatis:

186 1268 269 1333 “ego
283 1260 393 1327 contri,
420 1262 489 1334 (neo
504 1262 532 1317 id
548 1261 641 1316 mirati
656 1260 717 1316 sitis
731 1259 816 1333 pride,
826 1260 929 1333 quim,
944 1261 1026 1334 quale
1041 1261 1084 1328 sit,
1107 1279 1156 1316 au-

186 1339 337 1414 “dieritis)
365 1340 476 1396 etiamsi
498 1351 567 1396 tunc
589 1338 773 1411 migrandum
802 1338 911 1409 suisset,
940 1338 1075 1394 incolumi
1096 1340 1154 1395 told
1228 1342 1232 1347 ’

186 1425 205 1457 ‘⁶
214 1416 302 1486 Urbe,
317 1436 395 1472 nunc
411 1419 461 1473 lias
475 1419 572 1473 ruinas
587 1416 787 1490 relinquendas
801 1435 858 1472 non
874 1435 1030 1474 censerem.
1057 1416 1156 1506 Quip·

187 1495 250 1572 “pe
265 1506 324 1549 tum
350 1513 451 1550 cansa
460 1496 573 1551 nobis
567 1513 595 1550 in
621 1495 720 1549 urbem
741 1505 853 1568 captam
875 1495 1015 1568 migrandi
1039 1495 1156 1552 victoria

153 1573 204 1616 15“
215 1582 290 1627 esset
293 1573 437 1646 ‚gloriosa
452 1573 534 1636 nobis
549 1593 583 1628 nc
596 1573 715 1660 posteris
730 1572 852 1638 nostris3
881 1591 960 1628 nunc
977 1571 1038 1628 haec
1053 1573 1156 1648 migra

186 1651 254 1704 “tio
272 1651 354 1707 uobis
370 1652 472 1706 misera
487 1670 521 1706 ao
541 1651 641 1724 turpis,
655 1650 745 1706 Gallis
765 1649 888 1739 gloriosa
909 1662 971 1706 est:
1005 1651 1154 1708 nonenim

187 1728 362 1802 “reliquisse
378 1730 508 1797 victorem
523 1729 572 1784 sed
593 1728 720 1784 amisisse
746 1729 823 1798 victi,
845 1729 964 1818 petriam
986 1729 1154 1786 videbimur.

187 1809 205 1839 “
193 1805 281 1866 ,Hoc
296 1807 329 1861 ad
347 1806 452 1862 Alliam
474 1807 555 1895 luga,
579 1808 633 1862 hoc
657 1818 740 1878 capte
753 1773 839 1873 Urb's,
864 1808 959 1864 hoc
934 1826 1154 1864 circumsessum

187 1888 205 1918 “
217 1873 389 1957 Capitolium
406 1896 585 1940 necessitatis
595 1903 684 1958 rmpo
687 1885 772 1954 uisse,
788 1885 1024 1942 utdesereremus
1038 1897 1156 1974 penates

152 1965 206 2004 Μ
216 1975 335 2031 nostros,
351 1963 539 2050 exsiliumque
565 1981 599 2018 ac
614 1962 710 2036 lugam
725 1931 807 2018 noliis
820 1982 855 2017 ex
870 1983 904 2018 eo
919 1963 981 2018 loco
995 1964 1156 2020 conscisce-

187 2046 205 2076 “
215 2059 321 2110 temne,
335 2059 419 2114 quem
431 2041 503 2096 tueri
520 2060 576 2096 non
595 2059 760 2112 possemus:
787 2052 816 2096 et
829 2041 903 2106 Gelli
918 2057 1043 2096 evertere
1058 2053 1154 2114 potue-

187 2124 282 2174 “runt
312 2119 445 2188 Romam,
470 2137 554 2192 quem
583 2119 709 2174 Romani
736 2117 884 2182 restituere
906 2138 963 2174 non
985 2119 1156 2176 videbuntur

187 2203 206 2234 “
218 2209 366 2269 potuisse
357 2199 368 2236 l
409 2195 491 2256 Quid
506 2208 602 2263 restat,
618 2197 672 2251 nisi
682 2207 728 2261 ut,
743 2197 766 2251 si
776 2197 836 2270 jam
849 2197 928 2252 novis
939 2197 1028 2270 copiis
1040 2198 1156 2254 veniant

187 2283 205 2312 ‘
198 2275 344 2347 (constat
357 2274 433 2330 enim
450 2275 495 2330 vix
514 2243 679 2330 credibilem
696 2274 907 2330 multitudinem
922 2276 1009 2354 esse),
1034 2287 1063 2332 et
1077 2277 1156 2333 habi·

151 2355 205 2394 2⁵“
215 2365 275 2408 tare
290 2352 318 2406 in
334 2356 414 2426 capta
431 2353 467 2408 ab
488 2372 529 2419 se,
551 2353 663 2408 deserta
685 2353 802 2422 avobis,
817 2354 872 2410 hac
886 2354 955 2410 urbe
971 2355 1066 2420 velint,
1082 2357 1157 2412 sina-

187 2431 274 2486 “tisl
315 2429 418 2490 Quidl
447 2431 542 2486 sinon
565 2431 639 2486 Gelli
655 2432 719 2496 hoc,
742 2433 790 2488 sed
813 2444 922 2488 veteres
944 2433 1038 2490 hostes
1060 2435 1155 2500 vestri,

187 2504 205 2534 “
217 2508 303 2581 AEqui
320 2491 463 2572 Volseiie,
479 2508 596 2578 seciam,
612 2520 642 2564 ut
656 2510 845 2584 commigrent
866 2511 1001 2575 Romam,
1026 2512 1156 2568 velitisne

187 2582 279 2642 “illos
294 2587 452 2652 Romanos,
469 2605 517 2642 ros
533 2587 669 2660 Vejentes
683 2589 764 2644 esset
794 2608 829 2644 an
853 2589 956 2644 malitis
971 2589 1044 2644 hanc
1059 2591 1157 2646 solitu·

187 2661 312 2720 “dinem
328 2676 459 2734 vestram,
474 2663 556 2752 quem
573 2666 671 2720 urbem
688 2667 820 2731 hostium,
835 2685 920 2722 esse
911 2668 921 2706 l
952 2685 1008 2722 non
1023 2668 1156 2740 equidem

153 2739 206 2784 ³⁰“
214 2743 313 2810 video,-
322 2743 388 2815 qnid
405 2743 497 2817 magis
510 2743 591 2800 nelos
604 2744 648 2799 sit.
692 2743 764 2799 Haeo
776 2744 895 2814 scelera,
906 2744 971 2840 qqia
983 2745 1059 2818 piget
1071 2745 1158 2800 aedili·

188 2819 292 2885 “care‚
309 2821 370 2876 hcec
385 2821 528 2877 dedecora
542 2821 597 2894 pati
613 2822 702 2895 parati
715 2822 802 2878 estisl
846 2823 876 2878 Si
892 2823 947 2878 tota
962 2823 1032 2878 urbe
1046 2823 1156 2879 nullum

188 2895 323 2954 “'melius
341 2898 496 2972 ampliusve
517 2911 625 2954 tectum
648 2899 707 2956 lieri
723 2902 817 2974 possit,
832 2919 916 2975 quam
931 2920 999 2957 ensa
1023 2901 1071 2958 ills
1089 2921 1157 2956 con-

187 2975 205 3006 “
215 2977 314 3032 diteris
328 2988 371 3031 est
396 2976 494 3042 nostri,
515 2997 570 3032 non
594 2978 623 3032 in
645 2979 728 3043 casis,
750 2980 805 3035 ritu
829 2990 975 3053 pastorum
990 2981 1157 3054 agrestium·

187 3054 206 3085 “
216 3074 280 3128 que,
309 3055 437 3109 habitare
464 3065 507 3110 est
534 3056 623 3111 satius
651 3057 724 3112 inter
745 3077 826 3112 sacra
846 3069 1018 3130 penatesque
1041 3071 1156 3130 vestros,

152 3133 300 3208 ³⁵“quim
322 3131 481 3188 exsulatum
505 3133 618 3207 publice
645 3135 708 3190 irel
752 3133 876 3210 Majores
898 3135 995 3201 nostri,
1018 3155 1155 3194 convenae

188 3212 408 3286 “pastoresque
423 3230 510 3284 quum
527 3212 555 3266 in
571 3213 615 3266 his
629 3211 699 3270 locis
714 3211 793 3276 nihil,
809 3224 910 3288 praeter
924 3214 1008 3270 silvas
1027 3217 1157 3290 paludes·

186 3290 280 3362 “que,
295 3303 380 3353 esset,
397 3309 497 3345 novam
514 3291 612 3345 urbem
628 3301 685 3346 tem
701 3291 778 3346 brevi
794 3291 990 3350 aedilicdrunt:
1025 3313 1086 3364 nos,
1102 3295 1157 3350 Ca·

186 3370 205 3400 “
215 3367 322 3442 pitorio,
338 3387 404 3422 aree
420 3367 565 3437 incolumi,
581 3369 722 3424 stantibus
736 3370 847 3442 templis
862 3371 999 3442 Deorum,
1014 3373 1157 3429 aedifiearc

185 3447 334 3502 “incensa
350 3445 450 3520 pigetl
484 3457 522 3510 et,
545 3446 618 3520 quod
644 3447 749 3522 singuli
772 3447 873 3504 facturi
898 3449 1013 3516 suimus,
1035 3451 1058 3508 si
1081 3452 1157 3508 redes

152 3527 203 3572 ⁴⁰“
215 3537 318 3580 nostre
333 3523 548 3598 dellagrlssent,
564 3525 618 3582 hoo
634 3525 663 3582 in
677 3525 792 3600 publico
816 3527 952 3584 incendio
975 3527 1100 3586 universi
1114 3542 1157 3584 re·
1225 3527 1229 3531 ’

184 3607 203 3638 “
213 3622 347 3660 cusamus
362 3601 456 3658 secere
469 3605 480 3658 l

446 3682 482 3737 12
