2632 4224
378 347 388 368 r·
453 329 688 384 “'·L1t'rrtnt.
722 347 892 383 centvm.
959 335 1051 367 Μ’
1143 339 1186 400 46

886 417 906 441 Λ

369 457 372 464 r
894 441 903 463 γ’

224 479 385 555 “quinium
409 487 486 534 creat
509 475 645 550 vocatque
666 495 772 550 regern.
813 476 874 532 Aut
896 475 920 532 si
943 475 979 532 ad
1003 475 1066 532 haec
1082 495 1182 551 parum

224 562 245 596 “
259 570 303 615 est
317 557 413 625 animi,
435 555 500 628 quid
523 553 663 610 frustraris
684 554 850 610 civitateml
891 554 958 628 quid
980 565 1007 610 te
1029 563 1059 610 ut
1072 556 1183 630 regium

222 637 389 712 “juvenem
410 653 462 690 con
480 633 536 708 pici
563 633 654 688 sinisl
696 631 818 688 Facesse
840 632 908 688 hinc
929 631 1110 705 Tarquinios,
1134 643 1183 690 aut

225 719 245 752 “
257 713 433 770 Corinthum.
449 653 631 792 fDevolrere
653 720 727 766 retro
751 710 785 765 ad
808 710 932 784 stirpem,
954 709 1031 766 sratri
1055 711 1202 786 similior„

202 783 339 865 5“qualr‘n
362 789 468 862 patriar
486 789 540 844 llis
561 788 677 861 aliisque
705 787 879 860 increpando
902 787 1035 861 juvenem
1057 788 1181 863 instigat,

226 889 280 929 nec
294 867 496 940 conquiescere
511 867 571 940 ipsa
583 877 690 939 potest3
712 865 734 920 si
751 864 850 938 (quum
865 864 1018 938 Tanaquil,
1035 867 1183 940 peregrina

225 945 332 1013 mulier,
350 946 456 1001 tantdm
473 944 563 1000 moliri
578 943 713 1018 potuisset
736 943 839 1010 enimc,
859 952 890 998 ut
902 943 959 998 duo
972 943 1108 1000 continua
1121 963 1183 1019 reg·

223 1045 260 1083 na
274 1025 342 1094 viro,
366 1042 400 1078 ac
425 1022 564 1095 deinceps
584 1021 700 1095 genero,
723 1019 861 1096 dedisset)
890 1020 958 1094 ipsa,
982 1022 1060 1096 regio
1074 1025 1182 1090 semine
1250 1085 1256 1098 ⁸

223 1114 293 1167 orta,
308 1102 416 1158 nullum
431 1110 606 1156 momentum
622 1098 650 1154 in
669 1098 764 1154 dando
784 1097 991 1171 adimendoque
1005 1118 1093 1174 regno
1108 1101 1183 1158 sace·

190 1203 217 1243 ιο
226 1191 277 1236 ret.
319 1179 374 1234 His
387 1177 571 1234 muliebribus
586 1176 735 1232 instinctus
750 1174 829 1230 furiis
842 1175 1016 1248 Tarquinius
1030 1177 1181 1236 circumire

225 1267 255 1314 et
267 1274 410 1330 prensare,
425 1255 563 1310 minorum
582 1253 705 1310 maxime
729 1254 868 1327 gentium,
887 1252 1001 1321 Patres;
1030 1255 1182 1312 admonere

222 1334 333 1408 paterni
350 1332 490 1398 beneficii,
506 1351 540 1388 ac
553 1351 603 1407 pre
617 1351 651 1388 eo
665 1331 784 1406 gratiam
799 1341 945 1406 repetere3
972 1331 1086 1388 allicere
1099 1334 1182 1390 donis

221 1410 358 1484 juvenes:
381 1420 439 1466 tum
454 1410 535 1466 dese
550 1409 677 1484 ingentia
699 1409 869 1483 pollicend0‚
894 1419 954 1465 turn
968 1409 1043 1483 regis
1057 1410 1182 1468 crimini·

225 1489 286 1559 bus,
300 1487 432 1544 omnibus
445 1487 516 1544 Iocis
530 1506 679 1544 crescere:
709 1484 861 1561 postremi),
883 1497 914 1542 ut
934 1485 993 1560 jam
1008 1488 1126 1561 agendae
1140 1489 1181 1546 rei

191 1589 216 1628 1⁵
225 1575 335 1640 tempus
348 1566 437 1621 visum
452 1575 504 1630 est,
520 1566 638 1640 stipatus
653 1565 766 1638 agmine
791 1576 972 1630 armatorum,
996 1565 1025 1621 in
1041 1565 1131 1622 sorum
1146 1567 1182 1623 ir·

224 1645 319 1717 rupit:
336 1644 425 1710 inde,
442 1644 576 1700 omuibus
589 1641 726 1717 perculsis
749 1661 862 1715 pavore,
886 1644 916 1698 in
940 1643 1019 1717 regial
1040 1643 1107 1700 sede
1131 1664 1182 1718 pro

207 1721 307 1776 'curii
330 1723 441 1787 sedens,
462 1734 556 1795 patres
579 1720 739 1776 incuriam
764 1739 813 1793 per
837 1739 998 1794 prreconem
1025 1721 1059 1776 ad
1084 1741 1180 1796 regem

229 1796 414 1871 Tarquinium
437 1799 518 1856 citari
537 1799 628 1873 jussit.
684 1797 851 1854 convenere
872 1799 1021 1872 extemplo,
1050 1799 1097 1856 elii
1122 1795 1194 1888 jarq‘,

224 1877 291 1930 ante
314 1877 349 1932 ad
372 1878 423 1933 lroc
445 1877 602 1950 praeparati,
630 1875 678 1931 alii
699 1884 784 1944 metu,
813 1894 849 1932 nc
873 1895 929 1932 non
951 1876 1062 1932 venisse
1089 1877 1199 1934 fraudr‘

188 1963 306 2020 messer,
321 1953 444 2011 novitate
458 1973 493 2012 ac
507 1953 643 2010 miraculo
664 1952 784 2019 attoniti,
805 1963 834 2010 et
851 1953 909 2028 jam
924 1954 960 2009 de
975 1954 1073 2011 Servio
1087 1967 1180 2012 actum
1250 1983 1252 1990 ·

222 2030 310 2112 rati.4
326 2032 371 2088 Ibi
399 2032 583 2105 Tarquinius,
610 2031 762 2087 maledicte
789 2031 824 2088 ab
850 2031 936 2106 stirpe
959 2032 1057 2088 ultimi
1082 2051 1180 2102 orsus;

222 2107 242 2141 “
255 2109 386 2174 Servum,
403 2110 537 2180 servitque
552 2119 657 2176 natum,
672 2118 734 2181 post
754 2119 873 2164 mortem
895 2110 1042 2184 indignam
1057 2109 1181 2184 parentis
1228 2128 1234 2141 ’

222 2186 241 2220 “
253 2186 308 2250 sui,
324 2203 383 2240 non
394 2185 565 2258 interregno,
581 2197 612 2242 ut
632 2196 724 2254 antea,
749 2186 828 2251 inito,
851 2205 907 2241 non
930 2185 1052 2242 comitiis
1067 2188 1180 2254 habitis,

221 2263 241 2296 ‘⁴
253 2281 310 2318 non
327 2281 375 2335 per
389 2261 553 2336 suffragium
562 2262 664 2337 populi,
677 2281 734 2320 non
750 2263 913 2320 auctoribus
928 2263 1067 2331 Patribus,
1082 2266 1181 2322 mulie·

186 2342 241 2402 ον’
253 2340 295 2396 bri
310 2341 385 2396 dono
398 2358 516 2414 regnum
531 2342 695 2415 occupdsse.
737 2341 781 2396 Ita
805 2351 911 2410 natum,
937 2343 977 2398 ita
997 2354 1123 2400 creatum
1135 2363 1183 2401 re·

220 2421 239 2452 “
251 2437 326 2492 gem,
342 2417 480 2474 fautorem
503 2418 590 2474 lnlimi
615 2419 728 2492 generis
751 2419 907 2485 hominum,
931 2438 967 2476 ex
986 2439 1043 2493 quc
1059 2421 1119 2494 ipse
1134 2423 1179 2486 sit,

221 2496 316 2552 “odio
330 2495 430 2551 alienae
452 2496 605 2552 honestatis
629 2507 756 2570 ereptum
780 2496 950 2570 primoribus
971 2515 1069 2572 agrum
1093 2499 1182 2555 sordi·

221 2577 239 2610 “
251 2574 367 2630 dissime
390 2573 493 2646 cuique
514 2573 657 2630 divisisse:
688 2574 784 2630 omnia
807 2593 902 2643 onera,
927 2593 989 2647 quae
1017 2577 1181 2632 communie

221 2653 240 2688 “
252 2651 392 2726 quondam
408 2651 521 2716 suerint,
538 2652 691 2708 inclimlssc
711 2652 740 2707 in
754 2652 891 2724 primores
905 2651 1042 2708 civitatis:
1071 2652 1181 2708 institu-

186 2733 239 2788 ³o“
251 2730 306 2786 isse
320 2747 447 2794 censum,
463 2737 494 2785 ut
508 2729 628 2803 Insignis
642 2729 677 2785 ad
693 2729 826 2786 invidiam
841 2727 1054 2802 locupletiorum
1069 2728 1181 2787 fortuna

220 2811 238 2845 “
249 2818 332 2880 esset,
347 2818 375 2863 et
388 2817 495 2882 parata,
510 2808 596 2874 unde,
612 2807 660 2862 ubi
681 2807 773 2878 vellet,
798 2806 989 2883 egentissimis
1002 2805 1178 2882 largiretur.''
1190 2822 1201 2836 ‘·

259 2964 400 3023 XLVIII.
443 2963 521 3020 Huic
540 2963 659 3020 orationi
674 2964 790 3020 Servius
803 2982 889 3036 quum
905 2963 1109 3032 intervenisset,
1125 2973 1180 3019 tre-

219 3043 287 3117 pido
309 3044 410 3100 nuntio
437 3042 585 3111 excitatus,
606 3042 747 3114 extemplo
771 3060 787 3096 a
809 3041 946 3098 vestibulo
967 3041 1054 3096 curiae
1076 3042 1180 3115 magne

219 3138 298 3188 voce,
314 3120 426 3180 “Quid
442 3120 525 3184 hoc‚”
541 3119 639 3192 inquit,
662 3124 679 3153 “
692 3118 842 3192 Tarquini,
864 3122 905 3176 rei
918 3120 983 3174 estl
1011 3120 1064 3193 qul
1086 3129 1116 3176 tu
1131 3137 1180 3174 au·
1211 3123 1213 3134 ’

186 3199 239 3250 ³s“
254 3199 344 3268 dacili,
359 3217 404 3254 me
420 3198 489 3266 vivo,
514 3215 615 3252 vocare
631 3215 717 3252 ausus
738 3215 768 3252 es
784 3196 889 3264 Patres,
912 3206 960 3252 aut
982 3197 1011 3254 in
1030 3198 1097 3253 sede
1111 3217 1180 3254 con-

223 3273 241 3308 “
254 3273 345 3328 sidere
367 3276 473 3331 medl”
514 3274 615 3336 Quum
637 3274 683 3330 ille
706 3273 836 3332 ferociter
860 3277 895 3330 ad
920 3276 992 3346 haec,
1013 3277 1079 3331 “Se
1093 3275 1179 3348 patris
1228 3324 1229 3327 ,

221 3350 295 3406 “sui
311 3361 405 3406 tenere
420 3353 526 3422 sedern,
549 3349 648 3423 multi),
673 3349 757 3425 qudm
779 3370 901 3417 servum,
925 3353 1063 3426 potiorem
1089 3352 1178 3410 lilium

218 3428 324 3504 “regis
337 3430 416 3504 regni
440 3430 600 3486 haeredem:
639 3431 707 3486 satis
728 3429 805 3486 illum
827 3431 876 3486 diu
897 3449 946 3504 per
960 3429 1105 3486 licentiam
1120 3431 1179 3486 elu·
1206 3463 1218 3498 χ

216 3507 362 3564 “dentem
378 3507 527 3564 insultdsse
541 3507 664 3563 dominis
675 3527 683 3575 ς
694 3507 712 3534 ”
740 3505 846 3576 clamor
861 3509 897 3564 ab
910 3508 1056 3582 utriusque
1065 3509 1179 3566 lautori-

181 3600 207 3640 4ο
217 3584 271 3640 bus
283 3585 426 3656 oritur,-et
437 3603 593 3640 concursus
608 3585 700 3658 populi
718 3584 803 3641 fiebat
817 3585 845 3641 in
860 3587 986 3642 curiam:
1014 3587 1179 3662 apparebat·

216 3683 271 3738 que
286 3674 480 3737 regnaturum,
495 3662 542 3736 qui
557 3663 678 3718 vicisset.
720 3662 797 3718 Tum
813 3663 996 3736 Tarquinius
1008 3664 1178 3720 necessitate

212 3739 273 3820 jam
288 3741 349 3820 ipsa
363 3751 484 3814 cogente
506 3740 604 3796 ultima
625 3741 739 3807 audere,
761 3740 850 3797 multd
869 3751 898 3797 et
921 3752 1002 3798 aetate
1024 3752 1052 3798 et
1073 3739 1178 3797 viribus
