2632 4224
559 337 663 394 LlBEB
677 337 698 386 1.
718 349 779 388 oar.
790 349 818 386 1..
1122 343 1164 404 47

202 497 297 554 ogere,
311 479 396 538 bonis
405 479 526 536 multare
549 488 668 554 poterat,
693 495 751 535 non
775 486 920 554 suspectos
932 475 1017 536 modo
1030 490 1079 537 snt
1092 479 1163 540 insi·
1218 513 1228 553 ς

201 575 257 628 sos,
278 558 330 614 sed
351 557 427 614 unde
450 555 519 612 nihil
541 556 628 627 aliud,
649 556 733 630 quim
757 557 892 630 praedsm,
918 575 1030 631 sperare
1057 569 1160 630 posset.
1193 551 1215 602 ⁸.

202 633 249 690 Ita
273 634 388 692 Petrum
407 634 551 710 praecipue
573 651 692 690 numero
716 633 875 704 imminuto,
901 633 998 690 statuit
1017 634 1110 691 nullos
1129 636 1161 692 in

203 711 303 768 Patres
327 705 439 787 legere3
469 709 526 786 qub
548 711 735 786 contemptior
755 711 899 785 paucitate
913 710 974 784 ipsit
986 711 1055 770 ordo
1074 724 1159 781 esset,
1199 728 1204 735 “

180 789 352 864 nminrisqoe
365 809 415 864 per
429 809 460 847 se
474 789 543 846 nihil
558 789 604 864 agi
624 777 949 864 indignarenturfeisHic
962 787 1039 844 enim
1060 807 1159 865 regum
1228 815 1231 822 ·

154 887 157 892 ·
202 867 308 940 primns
329 868 464 924 traditum
491 886 508 924 s
533 867 672 942 prioribus
692 884 800 924 morem
820 866 856 922 de
876 866 1010 922 omnibus
1030 879 1160 926 senatum

202 945 367 1000 consulendi
381 945 482 1002 solvit:
503 945 666 1002 domesticis
683 943 810 1000 consiliis
823 943 1028 1018 rempublicam
1042 944 1161 1005 admini-

200 1022 314 1078 stravit:
336 1021 452 1088 bellum,
467 1041 577 1098 pacem,
593 1021 709 1093 soedera,
722 1021 873 1078 societates
892 1039 943 1096 per
963 1039 994 1078 se
1008 1021 1078 1095 ipse,
1092 1040 1160 1080 cum

199 1099 300 1170 quibus
324 1099 420 1172 voluit,
444 1100 554 1175 injussu
574 1100 669 1174 populi
690 1118 725 1158 uc
738 1100 862 1170 senatrls,
883 1097 960 1166 fecit,
981 1098 1158 1174 diremitque.

170 1185 192 1224 ro
202 1173 367 1232 Latinorum
390 1177 442 1234 sibi
465 1175 592 1234 maxime
613 1187 726 1252 gentem
748 1176 929 1242 conciliabat,
950 1188 982 1233 ut
1002 1177 1160 1252 peregrinis

174 1269 310 1326 ,equoque
330 1254 430 1330 opibus
452 1255 538 1312 tutior
566 1254 639 1311 inter
666 1254 744 1312 cives
770 1264 853 1310 esset
915 1253 1017 1327 Neque
1038 1254 1160 1329 hospitia

199 1330 284 1385 modo
297 1349 362 1387 cum
376 1333 545 1407 primoribus
559 1351 667 1406 eorum,
688 1331 737 1392 sed
761 1331 912 1388 affinitates
925 1349 1046 1406 quoque,
1058 1331 1160 1407 junge·

199 1405 255 1462 bat.
296 1407 417 1467 Octavio
431 1409 561 1468 Mamilio
575 1409 742 1466 Tusculano
763 1407 802 1485 (is
822 1407 906 1484 longe
920 1409 1053 1484 princeps
1063 1409 1159 1468 Latini

198 1485 321 1542 nominis
334 1499 403 1554 erat,
429 1489 453 1544 si
473 1487 559 1546 fame
582 1487 736 1558 credimus,
759 1487 795 1542 ab
815 1485 916 1562 Ulysse
931 1486 1049 1561 tresque
1071 1486 1157 1544 Circe

165 1573 191 1612 1⁵
197 1561 359 1642 oriundus),
373 1565 400 1622 ei
416 1565 545 1622 Mamilio
558 1565 645 1624 liliam
668 1575 787 1640 nuptum
812 1565 877 1633 dat;
905 1583 1010 1640 perque
1023 1583 1073 1624 eas
1086 1583 1159 1640 nup·

198 1639 250 1696 tias
264 1641 366 1700 multos
380 1643 434 1700 sibi
449 1654 584 1720 cognatos
598 1643 759 1717 amicosque
773 1642 835 1718 ejus
844 1642 989 1700 conciliat.

238 1794 270 1852 L.
292 1797 356 1856 Jarn
371 1819 475 1876 magna
489 1799 639 1875 Tarquinii
660 1799 811 1856 auctoritas
825 1799 898 1856 inter
912 1798 1078 1856 Latinorum
1095 1817 1172 1873 pro-s
1187 1855 1193 1864 ,

197 1890 278 1931 ceres
291 1889 369 1946 erst3
390 1898 488 1954 quum,
503 1878 533 1934 in
547 1879 622 1936 diem
637 1888 746 1934 certum
768 1886 799 1933 ut
819 1875 854 1934 ad
874 1877 972 1934 lucum
992 1875 1158 1934 Ferentium

197 1955 376 2027 conveniant,
391 1956 507 2014 indicit:
532 1975 605 2022 esse,
620 1953 682 2030 que
696 1973 780 2030 agere
794 1955 830 2011 de
850 1954 936 2014 rebus
956 1953 1158 2012 communibus

160 2029 270 2086 sevelis.
312 2033 495 2109 Conveniunt
508 2033 668 2110 frequentes
689 2033 778 2108 primrl
792 2033 876 2089 luce:
905 2032 965 2106 ipse
979 2031 1156 2104 Tarquinius
1202 2051 1203 2055 ¹

195 2106 271 2166 diem
293 2111 408 2184 quidem
422 2112 542 2168 servarit
550 2132 557 2180 ;
586 2111 636 2170 sed
657 2110 742 2186 paulo
756 2110 832 2176 ante,
846 2111 931 2184 qurim
945 2109 985 2166 sol
999 2109 1156 2176 occideret,

194 2186 283 2242 veuit
324 2187 416 2244 Mults
431 2189 469 2246 ibi
483 2190 542 2246 total
555 2190 601 2248 die
615 2191 644 2248 in
658 2188 783 2248 concilio
802 2187 885 2244 variis
903 2187 1009 2263 jactata
1031 2205 1160 2244 sermon-

194 2261 261 2319 ibus
274 2275 363 2322 erant.
405 2265 523 2326 Turnus
545 2267 710 2326 Herdonius
734 2266 770 2322 ab
790 2265 892 2322 Aricis
911 2265 1042 2324 ferociter
1056 2264 1085 2322 in
1108 2264 1157 2321 ab·

194 2353 308 2400 sentem
328 2343 518 2418 Tarquinium
538 2357 598 2404 erat
618 2345 768 2414 invectum
786 2345 789 2347 ’
809 2347 827 2379 “
841 2343 927 2402 Haud
955 2344 1059 2400 mirum
1083 2361 1158 2414 esse,

159 2417 213 2470 25“
227 2421 355 2494 Superbo
375 2422 497 2480 inditum
527 2423 628 2480 Romae
656 2423 846 2498 cognomen.”
908 2421 987 2498 (lam
1018 2421 1096 2478 enim
1117 2421 1158 2478 ito

195 2495 268 2554 clam
283 2499 397 2574 quidem
419 2501 611 2572 mussitantes,
632 2501 716 2576 vulgo
737 2512 841 2572 tamen,
863 2519 929 2558 eum
950 2498 1155 2576 appellabant.)
1209 2527 1212 2534 ·

194 2576 213 2606 “
228 2580 274 2632 An
295 2577 447 2652 quidquam
469 2579 618 2653 superbius
637 2598 709 2650 esse,
740 2577 827 2652 quim
846 2577 986 2634 ludificari
1008 2577 1050 2632 sic
1070 2595 1157 2632 omne

196 2655 214 2686 ‘¹
226 2673 330 2712 nomen
345 2655 501 2712 Latinuml
522 2657 699 2731 principibus
722 2653 806 2732 longe*
827 2656 863 2712 ab
885 2655 969 2712 domo
982 2653 1095 2724 excitis,
1114 2653 1158 2728 ip-

195 2729 214 2762 “
226 2750 299 2799 sum,
310 2732 357 2806 qui
371 2734 525 2790 concilium
540 2733 682 2806 indixerit,
697 2753 753 2792 non
768 2733 891 2790 adesset
914 2731 1015 2792 tentari
1030 2729 1157 2806 prolestd

161 2807 214 2857 Μ
225 2811 399 2886 patientiam,
424 2821 465 2878 ut,
496 2812 520 2868 si
545 2811 646 2887 jugum
678 2811 851 2886 acceperint,
881 2809 1019 2867 obnoxios
1038 2818 1157 2882 premat.

195 2885 214 2919 “
227 2888 281 2944 Cui
295 2889 372 2944 enim
394 2909 450 2946 non
474 2907 618 2963 apparere,
644 2889 777 2946 affectare
791 2907 857 2946 eum
879 2888 1027 2962 imperium
1049 2887 1078 2943 in
1102 2887 1157 2968 La3

191 2963 215 2997 '“
226 2966 299 3024 tinos
311 2955 432 3100 quuod
446 2967 470 3024 si
482 2967 526 3023 sui
541 2967 614 3022 bene
627 2967 801 3039 crediderint
814 2966 901 3031 cives,
916 2975 965 3021 aut
978 2965 1002 3022 si
1016 2964 1156 3020 creditum
1228 3037 1231 3046 Ι

196 3042 215 3076 “
227 3043 305 3110 illud,
347 3055 358 3100 t
379 3063 436 3102 non
457 3055 568 3119 raptum
589 3044 748 3120 parricidio,
777 3043 822 3111 sit,
845 3043 962 3100 credere
983 3052 1011 3099 et
1038 3042 1159 3099 Latinos

195 3122 215 3157 “
229 3121 412 3199 (quamquam
427 3142 463 3180 ne
477 3124 519 3180 sic
533 3121 647 3197 quidem
662 3121 845 3198 alienigene)
860 3113 1068 3194 debersjlsin
1090 3138 1158 3178 suos

160 3201 215 3244 ³³“
227 3199 289 3274 ejus
303 3201 438 3274 poeniteat
460 3201 576 3275 (quippe
589 3200 637 3274 qui
649 3199 695 3255 alii
718 3218 801 3274 super
820 3199 889 3256 alios
908 3194 1094 3269 trucidentur,
1109 3217 1157 3254 ex·
1233 3242 1241 3252 .

195 3278 215 3312 ‘⁶
227 3277 348 3334 sulatum
362 3289 437 3345 eant,
460 3279 534 3336 bona
555 3277 710 3353 amittant),
731 3276 799 3350 quid
820 3277 880 3352 spei
901 3277 1025 3334 melioris
1046 3275 1158 3334 Latinis

195 3353 379 3430 “portendil
432 3357 464 3413 Si
486 3375 517 3412 se
537 3355 664 3421 audiant,
685 3355 800 3411 domum
822 3373 902 3412 suam
921 3355 1061 3429 quemque
1089 3353 1158 3411 inde
1223 3351 1237 3410 ts

195 3434 367 3498 “abituros:
399 3453 491 3508 neque
505 3433 596 3508 magis
618 3434 814 3491 observaturos
827 3433 903 3488 diem
924 3432 1051 3504 concilii,
1070 3431 1157 3506 quim
1269 3428 1274 3440 “

195 3513 214 3546 “
227 3505 296 3587 ipse,
318 3511 366 3586 qui
388 3511 533 3578 indixerit,
554 3511 734 3568 observet.'’'
775 3511 846 3568 Haec
874 3521 957 3586 atque
978 3511 1033 3566 slia
1053 3509 1157 3568 eddem

161 3583 367 3668 lopertinentia
387 3590 538 3648 seditiosus
558 3588 788 3663 facinorosusque
809 3589 902 3656 homo,
929 3588 1028 3663 hisque
1050 3588 1157 3646 artibus

100 3695 108 3706 ·
195 3689 264 3744 opes
278 3668 354 3724 domi
369 3680 479 3738 nactus,
494 3685 580 3741 quum
595 3668 719 3724 maxime
741 3668 900 3733 dissereret,
920 3666 1072 3723 intervenit
1085 3664 1157 3720 Tar·

160 3775 165 3788 =
196 3749 320 3826 quinius.
362 3747 394 3804 ls
406 3747 470 3802 linis
483 3745 602 3802 orationi
618 3745 678 3802 luit.
720 3740 1157 3815 AversiomnesadTarquini·
