2620 4220
465 345 571 398 maan
586 347 695 398 xxvn.
728 357 826 396 ema.
1074 348 1134 408 ω

171 488 229 550 diei
242 489 460 564 medium-arar,
485 487 601 565 sitisque
621 500 649 548 et
670 489 747 547 ealor
767 487 879 546 hiahtaa
892 487 1045 544 eaedeados
1058 488 1135 564 eapi-

172 570 316 644 eodosque
330 568 437 626 affatim
450 569 603 643 prebebat.

211 723 323 782 XLIX.
358 724 511 800 Elephanti
533 725 628 800 plures
649 723 685 782 ab
711 723 779 799 ipsis
806 721 973 790 rectoribus,
995 721 1080 797 quam
1095 721 1137 780 ab

172 803 265 875 hoste,
287 803 447 871 intersecti3
479 803 577 861 fabrile
598 804 741 878 scalprum
754 820 821 859 eum
842 800 946 858 malleo
967 799 1133 858 babebautr

149 881 211 948 aid,
227 881 275 938 ubi
289 881 388 938 sarire
403 881 503 938 belluae
526 899 561 939 ao
581 901 663 939 ruere
683 881 711 938 in
727 899 794 938 suos
813 889 970 954 eoeperant,
991 879 1136 954 magister,

171 959 246 1016 inter
259 977 342 1016 aures
354 960 486 1034 positum,
501 960 562 1036 ipso
576 961 606 1017 in
620 959 749 1026 artieulo,
763 977 819 1032 quo
829 957 960 1035 juugitur
973 957 1060 1032 eapiti
1075 975 1136 1013 cer·

171 1037 349 1111 vix,qnanto
373 1037 496 1094 maximo
522 1037 714 1112 poteratiotn,
739 1036 880 1112 adigebat.
922 1036 966 1094 Ea
988 1035 1138 1092 celerrima

170 1114 218 1172 via
232 1115 329 1172 mortis
349 1114 379 1172 in
401 1125 487 1172 tanta
508 1116 590 1173 molis
611 1115 706 1172 belluri
725 1114 841 1172 inventa
853 1124 923 1187 erat,
948 1114 997 1170 ubi
1018 1113 1137 1188 regendi

170 1211 251 1268 spem
273 1193 426 1250 viaissent:
461 1193 622 1268 primusque
650 1193 680 1250 id
701 1191 862 1249 Hasdrubal
884 1192 1056 1263 instituerat,
1078 1191 1138 1248 dux

138 1289 258 1344 raquum
285 1289 359 1345 saepe
387 1270 458 1329 alias
485 1271 686 1342 memorabilis,
715 1281 775 1327 tum
796 1269 845 1325 illa
864 1270 1007 1345 praecipue
1028 1271 1136 1344 pugni.

171 1348 225 1404 Ille
238 1347 570 1424 pugnantes,·hortando‚
592 1348 751 1423 pariterque
771 1347 905 1405 obeundo
918 1347 1057 1424 perionis,
1079 1365 1139 1403 sus·

170 1426 272 1484 tinuit:
293 1427 340 1484 ille
362 1426 452 1482 fessos
464 1426 678 1500 abnuentesque
692 1424 777 1482 tedio
798 1439 827 1482 et
846 1425 953 1494 labore,
975 1443 1054 1482 nune
1075 1443 1137 1500 pre·

171 1505 274 1576 eando,
294 1523 374 1562 nuno
394 1503 570 1579 castigando,
585 1504 737 1562 aeeendit:
764 1502 811 1560 ille
826 1503 969 1580 fugientes
982 1502 1137 1575 revocavit,

170 1582 359 1657 omissamque
373 1600 498 1658 pugnam
513 1582 619 1657 aliquot
632 1581 703 1639 loeis
715 1581 856 1640 restituit:
877 1580 1031 1656 postremi),
1045 1599 1135 1655 quum
1188 1595 1192 1601 ’

138 1679 162 1718 15
171 1660 246 1716 baud
261 1660 347 1717 dubie
363 1659 475 1718 fortuna
488 1661 611 1718 hostium
625 1670 710 1726 esset,
732 1676 769 1716 ne
783 1670 943 1734 superesset
963 1669 1043 1716 tanto
1057 1677 1138 1715 exer·

171 1738 242 1794 eitui
262 1757 345 1796 suum
367 1757 472 1796 nomen
494 1749 604 1806 secuto,
630 1737 774 1796 concitato
794 1756 867 1812 equo
888 1757 918 1795 se
940 1737 970 1795 in
991 1738 1137 1794 eohortem

171 1815 336 1878 Romanam
351 1816 476 1874 immisit.
518 1817 572 1887 lbi,
589 1827 619 1874 ut
632 1827 711 1892 patre
736 1815 901 1873 Hamilcare
922 1826 952 1874 et
973 1813 1137 1872 Hannibale

171 1893 257 1952 fratre
278 1895 397 1970 dignum
418 1906 488 1968 erat,
509 1914 640 1971 pugnans
660 1893 775 1951 oeeidit.
829 1893 986 1970 Nunquam
1008 1911 1043 1950 eo
1063 1892 1138 1950 bello

172 1973 307 2032 undaeie
321 1983 432 2030 tanturn
446 1974 570 2032 hostium
585 1972 766 2030 interfectum
780 1983 842 2042 est3
873 1972 1041 2046 redditaque
1058 1989 1139 2045 aequa

136 2069 162 2108 aa
172 2049 319 2108 Cannensi
333 2051 439 2124 clades,
454 2051 497 2108 vel
512 2051 595 2108 ducis
609 2049 652 2108 vel
676 2049 817 2108 exereitus
839 2050 965 2118 interitu,
981 2045 1137 2106 ridebatur.

170 2127 390 2205 Quinquaginta
416 2149 468 2188 sex
499 2129 588 2188 millia
608 2129 730 2186 hostium
750 2129 867 2186 oeeisa:
901 2139 985 2204 eapta
1014 2127 1138 2202 quinque
1243 2169 1245 2174 -

171 2207 261 2264 millia
281 2218 310 2265 et
322 2207 540 2284 quadringenti:
574 2208 670 2283 preda
682 2207 739 2264 alia
752 2225 857 2283 magna
870 2218 930 2265 tum
945 2206 1039 2264 omnis
1051 2223 1139 2282 gene·

171 2286 219 2354 ris,
235 2297 294 2342 tum
310 2287 370 2343 auri
383 2287 469 2344 etiam
483 2287 658 2362 argentique.
701 2285 816 2344 Civium
828 2286 914 2344 etiam
929 2286 1138 2356 Romanorum,

101 2425 108 2440 ,
171 2364 218 2437 qui
234 2363 309 2439 eapti
331 2364 406 2439 apud
427 2365 522 2422 hostes
543 2375 633 2437 erant,
654 2381 740 2439 supra
760 2375 880 2439 quatuor
901 2364 991 2422 millia
1010 2363 1136 2439 capitum

137 2459 162 2500 aa
171 2451 295 2518 recepta.
336 2443 372 2500 ld
385 2443 478 2502 solatii
492 2443 545 2500 suit
557 2462 608 2518 pro
622 2442 733 2500 amissis
743 2462 778 2502 eo
788 2443 888 2519 praelio
896 2443 1049 2500 militibus:
1070 2461 1138 2499 nam

171 2520 391 2596 haudquaquam
406 2521 557 2579 incruenta
569 2521 687 2578 viatoria
700 2521 770 2578 luit:
790 2531 856 2580 octo
870 2521 958 2579 ferme
972 2521 1064 2578 millia
1077 2521 1139 2578 Ro·

171 2617 318 2656 manorum
350 2599 547 2674 sociorumque
573 2599 679 2657 oeeisa.
734 2599 873 2674 Adedque
900 2600 986 2656 etiam
1016 2599 1138 2658 victores

171 2677 319 2752 sanguinis
345 2677 489 2751 cadisque
512 2687 627 2754 ceperat
650 2679 776 2750 satietas,
802 2688 832 2734 ut
845 2687 957 2752 postero
971 2677 1028 2749 die,
1048 2695 1138 2751 quum

171 2765 247 2812 esset
259 2755 422 2813 nuntiatum
433 2755 514 2814 Livio
528 2755 649 2823 consuli,
663 2755 762 2813 Gallos
775 2755 937 2830 Cisalpinos
950 2754 1137 2830 Liguresque,

136 2833 218 2907 aequi
233 2843 282 2890 aut
295 2834 394 2908 proelio
407 2853 465 2892 nou
487 2834 644 2906 affuissent,
668 2844 718 2891 aut
740 2834 814 2890 inter
827 2834 937 2890 eadem
957 2831 1135 2908 effugissent,

171 2930 229 2968 uno
242 2912 357 2987 agmine
371 2912 449 2970 abire
463 2913 526 2970 sine
546 2922 625 2970 eerto
646 2912 730 2980 duee,
752 2911 814 2969 sine
827 2911 928 2988 signis,
951 2911 1014 2968 sine
1032 2911 1136 2968 ordine

171 2988 239 3061 ullo,
253 3001 302 3046 aut
315 2990 450 3065 imperi03
471 3010 563 3065 posse,
577 2990 600 3048 si
616 3009 674 3047 una
687 2991 814 3065 equitum
828 2991 873 3048 ala
887 2990 1022 3056 mittatur,
1036 3007 1137 3048 omnes

171 3067 259 3124 deleri
272 3087 279 3138 ς
302 3078 320 3104 “
330 3067 509 3143 Supersiat',”
525 3069 626 3143 inquit,
649 3068 765 3144 “aliqui
780 3069 883 3136 nuntii,
898 3078 928 3126 et
941 3067 1064 3126 bostium
1077 3067 1136 3126 ela·

173 3154 192 3182 ⁴⁴
203 3146 257 3218 dis,
271 3157 300 3204 et
313 3157 416 3204 nostrae
430 3147 567 3204 virtutis.'’

135 3322 163 3362 aa
211 3301 245 3360 L.
266 3303 355 3372 Nero,
370 3305 403 3362 ei
418 3315 578 3380 nocteque
592 3313 691 3364 secuta
704 3315 747 3363 est
760 3323 897 3381 pugnam,
907 3305 1036 3364 citatiore
1050 3303 1136 3379 quam

171 3380 239 3438 iude
253 3394 368 3443 venerat
382 3383 506 3459 agmine,
520 3384 566 3442 die
581 3394 661 3446 sexto
681 3384 717 3440 ad
732 3384 832 3442 stativa
845 3403 906 3457 sua,
919 3395 1005 3460 atqua
1018 3381 1055 3440 ad
1069 3383 1134 3440 bos·

170 3471 228 3518 tem
242 3461 380 3536 pervenit.
422 3461 480 3519 Iter
493 3462 555 3538 ejus
569 3462 726 3538 frequentil
741 3463 865 3531 minore,
880 3463 948 3538 quia
967 3480 1053 3520 nemo
1066 3480 1137 3537 prae·

171 3550 297 3598 eesserat
310 3540 440 3608 nuntius²
451 3540 550 3598 letitia
561 3540 627 3598 verd
641 3541 729 3610 tanti,
741 3541 788 3600 vix
801 3552 985 3616 uteompotes
996 3540 1136 3598 mentium

171 3637 229 3693 prae
255 3619 360 3694 gaudio
380 3629 485 3687 essent,
507 3619 681 3690 celebratum
703 3631 755 3678 est.
809 3620 886 3678 Nam
908 3619 1012 3678 Romae
1034 3629 1136 3676 neuter

136 3714 163 3754 aa
172 3696 260 3754 animi
275 3697 388 3754 habitus
401 3697 470 3755 satis
483 3698 541 3755 diei
552 3698 733 3774 enarrarique
744 3709 855 3775 potest3
886 3717 942 3756 nee
956 3716 1012 3772 quo
1025 3696 1150 3770 ineerta⁵

123 3847 128 3856 ι
172 3775 387 3852 exspectatione
398 3777 515 3836 eveutds
525 3777 626 3835 eivitas
639 3777 740 3847 suerat,
754 3796 812 3836 neo
823 3796 880 3852 quo
891 3775 1015 3836 vietoriae
1029 3773 1134 3832 samam
