2632 4224
116 375 157 434 28
234 387 235 394 κ
514 375 582 425 rrrr
598 377 683 426 rrvrr

117 514 169 572 tiat
192 513 260 591 regi,
283 515 360 574 abire
382 517 519 574 Albanos.
559 517 664 576 Tullus
685 519 715 576 irr
736 538 767 576 re
788 519 897 596 trepida
920 519 1071 578 duodecim
1085 586 1089 592 ,-

117 593 308 666 verissume,
323 595 443 668 fanaque
464 595 567 652 Pallori
589 615 623 652 ac
642 595 758 654 Pavori:
792 598 926 672 equitem,
940 599 1017 656 clara
1031 600 1073 656 in·

92 691 97 704 ·
116 689 238 746 crepans
251 691 331 738 voce,
347 683 378 730 ut
392 675 485 730 hostes
498 674 674 747 exaudirent,
689 675 780 732 redire
790 676 819 732 in
833 676 962 751 proelium
973 677 1072 752 jubet3

116 752 137 782 “
150 749 230 806 Nibil
244 749 430 824 trepidatione
444 770 514 826 opus
527 770 606 808 esse:
636 771 688 810 suo
699 752 780 828 jussu
795 753 972 811 circumduci
987 755 1073 811 Alba-

115 829 217 882 “rrum
245 829 411 895 exercitum,
440 840 470 886 ut
491 828 672 886 Fidenatium
699 829 777 887 nuda
803 843 882 907 terga
908 831 1106 888 iuvadant.”⁵

119 905 200 960 Idem
214 906 342 980 imperat,
358 918 389 963 ut
403 908 497 963 hastas
520 907 629 981 equites
648 908 758 984 erigere
769 908 876 984 jubeat.
917 909 951 966 Id
966 909 1072 967 factum

119 1003 232 1058 magnae
261 985 331 1058 parti
358 980 492 1058 pednum‘
513 985 708 1042 Romanorum
731 996 916 1062 conspectum
942 988 1073 1044 abeuntis

119 1062 225 1117 Albani
239 1062 380 1118 exercitiis
395 1063 570 1138 intersepsit:
591 1063 639 1136 qui
654 1060 790 1131 viderant,
811 1064 850 1137 id,
867 1065 942 1138 quod
956 1065 992 1120 ab
1006 1084 1072 1140 rege

118 1139 245 1194 auditum
267 1152 335 1206 erat,
358 1141 420 1212 rati,
438 1142 476 1219 mab
498 1139 590 1197 acrids
610 1131 751 1216 pugnanti
794 1131 901 1200 Terror
922 1143 957 1198 ad
979 1144 1073 1200 hostes

117 1217 232 1272 transit:
264 1228 293 1274 et
306 1217 472 1274 audiverant
485 1219 562 1275 clard
583 1237 652 1275 voce
674 1219 798 1288 dictum;
831 1229 861 1276 et
884 1239 988 1295 magna
1008 1235 1106 1295 parsro
1147 1284 1153 1290 ,

116 1293 309 1366 Fidenatium,
336 1308 367 1352 ut
390 1296 438 1369 qui
459 1297 552 1352 coloni
574 1289 661 1352 addlli
683 1296 824 1354 Romanis
844 1309 948 1364 essent,
970 1297 1071 1354 Latine

117 1373 253 1428 sciebant.
296 1373 404 1446 Itaque,
420 1393 456 1429 ne
471 1374 563 1448 subito
577 1393 612 1430 ex
626 1373 745 1430 collibus
759 1373 880 1432 decursu
895 1375 1071 1432 Albanorum

117 1451 372 1508 intercluderentur
390 1452 425 1508 ab
447 1449 559 1525 oppido,
582 1461 661 1526 terga
682 1463 803 1509 vertunt.
844 1453 936 1509 Instat
957 1453 1071 1525 Tullus,

118 1528 235 1601 fusoque
250 1529 429 1584 Fidenatium
444 1547 543 1600 cornu,
557 1529 587 1587 in
604 1529 764 1604 Vejentem‚
790 1530 882 1588 alieno
895 1550 997 1605 pavore
1011 1550 1072 1606 per·

117 1605 237 1672 culeum,
253 1606 371 1663 ferocior
387 1607 468 1662 redit.
510 1607 575 1663 Nec
597 1607 637 1662 illi
660 1607 751 1674 tulere
773 1601 929 1682 imp‘elum
964 1609 1014 1664 sed
1036 1609 1106 1666 abu

116 1683 203 1738 effusi
227 1684 293 1758 suga
317 1684 422 1740 flumen
445 1684 589 1760 objectum
613 1703 630 1740 a
653 1695 732 1760 tergo
750 1687 873 1742 arcebat.
914 1684 983 1746 Quo
998 1697 1072 1760 post-

71 1754 75 1762 ’
116 1781 201 1835 quam
216 1761 282 1836 fuga
296 1757 452 1834 inclinavit,
474 1761 530 1832 alii,
555 1781 634 1818 arma
655 1762 727 1850 loede
746 1763 896 1838 jactantes,
919 1763 948 1819 in
971 1783 1071 1836 aquam

117 1839 187 1896 caeci
211 1840 349 1907 ruebant3
385 1840 441 1906 alii,
466 1841 534 1896 dum
556 1850 727 1896 cunctantur
751 1842 780 1896 in
804 1841 881 1916 ripis,
904 1841 976 1897 inter
998 1841 1072 1915 fugae

117 1935 276 1992 pugnaque
303 1917 453 1974 consilium
480 1917 614 1992 oppressi.
668 1916 735 1974 Non
763 1918 817 1974 alia
848 1919 912 1974 ante
940 1918 1072 1974 Romana

118 1995 454 2070 pugnaatrociorluit.·
537 2005 545 2080 ς
578 2012 719 2066 72¹3..
812 2029 814 2034 .
864 2047 865 2050 ,
1045 1991 1048 1998 ’
1080 2008 1106 2047 ²⁰

525 2083 543 2135 ..2
871 2095 874 2107 ·

110 2213 113 2220 ⁴
134 2199 137 2204 .
157 2151 303 2208 XXVIII.
325 2153 403 2210 Tum
421 2153 548 2210 Albanus
562 2153 713 2223 exercitus,
738 2162 877 2228 spectator
894 2104 1072 2218 berenicis,
1116 2143 1120 2162 ⁵

63 2227 71 2244 '⁴
118 2231 257 2286 deductus
271 2231 300 2287 in
315 2251 437 2304 campos.
480 2230 587 2287 Mettus
608 2230 695 2286 Tullo
718 2231 843 2287 devictos
864 2231 959 2286 hostes
979 2239 1074 2304 gratu-

119 2309 206 2366 latur:
240 2309 339 2366 contri
360 2309 464 2365 Tullus
486 2307 608 2364 Mettum
636 2307 758 2382 bebigure
786 2307 943 2380 alloquitur.
983 2305 1072 2366 Quod

120 2387 192 2443 berre
205 2397 304 2458 vertat,
319 2397 412 2444 castra
425 2387 552 2443 Albanos
566 2381 707 2442 Romanis
722 2385 822 2442 castris
843 2385 895 2460 jun
915 2383 1071 2460 ere'jubet:

119 2465 290 2522 sacrificium
312 2464 424 2522 lustrale
446 2465 476 2521 in
502 2463 580 2520 diem
600 2453 741 2538 posterum
765 2473 853 2538 parat.
894 2403 950 2518 boi
972 2461 1107 2527 illuxit‚a⁵

119 2544 222 2616 paratis
235 2543 377 2614 omnibus,
392 2553 422 2600 ut
440 2541 551 2607 assolet,
575 2543 669 2598 vocari
691 2541 727 2597 ad
741 2541 910 2598 concionem
924 2549 1074 2613 utrumque

119 2623 274 2678 exercitum
294 2622 384 2697 jubet
425 2621 585 2690 Praecones‚
609 2619 645 2674 ab
666 2631 793 2676 extremo
811 2619 879 2689 orsi,
900 2617 1005 2692 primos
1027 2636 1075 2672 ex-

119 2699 211 2755 clusere
226 2700 369 2756 Albanos:
391 2699 431 2770 hi,
444 2697 567 2755 novitate
591 2697 676 2754 etiam
698 2697 738 2753 rei
759 2697 837 2768 moti,
860 2707 891 2752 ut
905 2714 1000 2770 regem
1014 2695 1075 2751 Ro-

123 2795 237 2833 manum
260 2777 478 2834 concionantem
501 2775 640 2846 audirent,
666 2775 788 2850 proximi
815 2775 978 2847 constitere.
1031 2773 1074 2828 Ex
1287 2843 1291 2852 1

120 2856 274 2930 composito
284 2865 389 2912 armata
404 2853 595 2911 circumdatur
606 2853 840 2928 Romanalegio:
862 2850 1109 2908 centurionibusa
1201 2911 1203 2916 ¹

121 2931 217 2991 datum
232 2933 377 3007 negotium
391 2943 460 2996 erat,
476 2943 507 2988 ut
520 2931 582 2986 sinc
604 2933 681 2988 mord
705 2930 823 3004 imperia
844 2939 1075 3002 exsequerentur.

120 3009 199 3068 Turn
215 3012 252 3067 ita
266 3011 370 3067 Tullus
383 3010 445 3066 infit
455 3029 460 3066 :
467 3003 481 3096 Ι
501 3011 520 3043 “
532 3007 668 3080 Romani,
682 3007 706 3064 si
720 3027 843 3082 unquam
858 3007 926 3064 ante.
938 3005 1006 3062 alias
1020 3005 1076 3061 ullo

1 3079 2 3084 ἵ
69 3071 184 3146 ’πῖἷῖ
196 3090 269 3144 bello
283 3089 343 3157 fuit,
357 3087 431 3162 quod
446 3087 568 3162 primdm
589 3085 653 3142 Diis
674 3085 879 3142 Immortalibus
894 3083 998 3159 gratias
1012 3101 1077 3156 age-

121 3168 226 3236 “ratis¹
250 3167 353 3222 deinde
376 3177 474 3222 vestras
496 3165 620 3239 ipsorum
641 3163 746 3229 siusili,
769 3163 932 3219 hesternum
954 3161 982 3218 id
1004 3177 1077 3234 proa-

122 3247 220 3302 “lium
236 3245 296 3301 luit.
338 3243 514 3304 Dimicatum
528 3241 670 3310 estasim,
695 3259 751 3298 non
766 3240 857 3316 magis
870 3259 936 3296 cum
951 3239 1077 3294 hostibus
1087 3249 1112 3288 ³⁵

122 3327 140 3358 “
152 3327 238 3398 quarn
254 3323 331 3398 (quae
353 3320 499 3378 dimicatio
522 3319 610 3394 major
632 3329 715 3392 atque
739 3318 921 3394 periculosior
935 3319 991 3395 est)
1011 3335 1078 3374 cum

122 3408 140 3437 “
152 3401 309 3477 proditione
324 3417 358 3456 ac
371 3399 488 3474 perfidia
503 3398 652 3454 sociorum.
687 3397 773 3466 Nam,
788 3416 824 3453 ne
839 3415 888 3453 vos
901 3395 971 3452 falsa
983 3393 1079 3467 opinio

121 3487 139 3516 “
153 3489 258 3546 teneat,
273 3479 381 3554 injussu
396 3495 460 3533 meo
482 3475 589 3532 Albani
613 3475 723 3532 subiere
745 3475 782 3532 ad
797 3484 925 3530 montes:
959 3491 1014 3528 nec
1028 3471 1080 3526 im·

122 3564 141 3595 “
155 3559 264 3634 perium
286 3556 355 3612 illud
379 3573 484 3622 meum,
507 3553 556 3610 sed
581 3553 730 3610 consilium
754 3562 783 3609 et
805 3551 915 3627 imperii
939 3548 1086 3607 simulatio.

122 3642 141 3674 “
154 3639 206 3694 luit
218 3655 226 3704 3
248 3645 279 3692 ut
293 3653 357 3706 nec,
373 3633 450 3704 vobis
464 3632 659 3710 ignorantibus
680 3623 772 3687 desbri
795 3649 854 3696 vos,
879 3639 1050 3686 averteretur
1064 3635 1115 3682 att

123 3721 141 3754 “
154 3713 309 3772 certamine
331 3713 461 3779 animus;
495 3721 524 3766 et
544 3709 680 3774 hostibus,
706 3708 904 3766 circumveniri
921 3723 957 3764 'se
972 3726 991 3762 a·
1002 3711 1081 3779 tergo

118 3801 140 3835 ·“
154 3794 231 3865 ratis,
253 3801 341 3848 terror
366 3807 399 3848 aa
424 3789 492 3866 fuga
516 3788 688 3865 injiceretur.
740 3787 806 3846 Nec
828 3805 862 3846 ea
883 3785 976 3862 culpa,
998 3801 1081 3860 quam
