2630 4228
517 315 623 392 utana
638 301 709 392 tint.
727 355 789 391 eae.
800 355 849 390 xrr.
1104 338 1161 399 m

205 480 249 540 liis
263 481 457 557 ,operibusque
478 482 610 552 habebat,
624 501 779 557 paucorum
794 483 829 540 iis
841 481 951 538 dierum
957 479 1091 555 „quietem
1111 479 1161 538 ds·

116 579 120 584 ”
203 559 254 628 dit,
269 559 437 618 stationibus
461 560 496 616 ad
510 561 676 618 custodiam
692 561 836 617 vinearum
858 559 1030 632 aliorumque
1043 576 1160 632 opernm

203 637 364 713 dispositis:
386 637 498 694 interim
513 638 622 694 anlmos
636 657 733 694 eorum
755 657 833 694 nunc
856 637 896 693 ira
912 637 941 692 in
956 637 1051 692 hostes
1064 635 1162 692 stimu-

202 715 298 782 lando,
313 733 392 771 nunc
405 733 454 787 spe
468 716 646 789 praemiorum
661 716 803 772 accendit.
846 715 883 771 Ut
898 711 961 770 verti
985 732 1036 787 pro
1049 712 1163 768 concio·

181 811 240 851 ane
263 793 387 867 praedam
411 804 500 866 captae
525 793 601 848 urbis
625 793 713 848 edixit
728 793 847 848 militum
867 791 934 860 sore,
956 790 1027 848 adeo
1046 789 1162 846 accensi

202 889 302 928 omnes
315 881 389 936 sunt,
405 879 444 940 ut,
459 870 481 925 si
496 870 637 944 extemplo
650 870 763 944 siguum
778 872 875 926 datum
889 880 974 934 esset,
988 867 1066 924 nulla
1080 867 1107 923 vi
1121 885 1163 924 re·

203 947 263 1004 sisti
278 948 420 1004 videretur
434 965 523 1020 posse.
565 948 730 1022 Saguntini,
744 959 773 1003 ut
788 966 805 1004 a
818 947 924 1022 proeliis
936 946 1060 1020 quietem
1075 945 1163 1000 habu·

202 1037 363 1091 erant,·nec
377 1025 549 1082 lacessentes
562 1043 617 1081 nec
632 1025 755 1082 lacessiti
769 1044 819 1099 per
833 1024 938 1098 aliquot
952 1025 1013 1080 dies
1024 1043 1040 1091 ;·
1054 1023 1092 1078 ita
1106 1041 1163 1078 nun

202 1114 296 1168 nocte,
306 1122 364 1158 non
371 1102 561 1179 die,unquam
568 1113 747 1168 cessaverant
753 1102 791 1158 ab
797 1121 891 1177 opere,
903 1112 934 1158 nt
942 1117 1044 1158 novum
1052 1117 1162 1156 murum

169 1197 194 1237 to
203 1180 239 1236 ab
253 1180 457 1254 eal-parteque
469 1181 641 1254 patefactum
661 1180 795 1254 oppidum
810 1180 899 1236 ruinis
913 1190 983 1249 erat,
1004 1178 1163 1234 reficerent.

203 1257 276 1314 lnde
284 1257 456 1332 oppugnatio
465 1277 515 1314 eos
524 1258 666 1331 aliquanto
677 1254 806 1327 atrocior,
815 1276 899 1333 quam
912 1255 987 1325 ante,
996 1256 1094 1311 adorta
1104 1265 1163 1310 cst:

203 1354 268 1406 nec,
282 1337 336 1407 qud
351 1332 471 1408 primum
485 1349 534 1392 aut
547 1335 728 1409 potissimum
742 1350 826 1410 parte·
836 1335 941 1393 ferrent
954 1351 1046 1407 opem,
1063 1331 1163 1406 (quum

202 1413 299 1470 omnia
312 1412 399 1470 variis.
409 1411 581 1471 clamoribus
594 1416 765 1488 streperent)
780 1412 929 1468 satis-scire
939 1419 1090 1484 poterant!
1099 1409 1164 1482 lpse

203 1490 360 1560 Hannibal,
375 1491 429 1566 qud
442 1490 527 1546 tauris
541 1490 662 1560 mobilis,
676 1491 772 1546 omnia
793 1490 970 1550 munimenta
994 1488 1071 1544 urbis
1084 1505 1165 1560 supe-

171 1585 195 1626 15
203 1587 270 1627 rans
285 1567 443 1632 altitudine,
457 1568 602 1641 agebatur,
618 1569 744 1624 hortator
755 1567 870 1624 aderat:
891 1585 955 1640 quta
968 1584 1054 1639 quum
1070 1565 1165 1621 admo·

203 1657 242 1711 ta,
257 1645 406 1719 catapultis
417 1644 591 1722 ballistisque
604 1663 652 1719 per
660 1645 756 1701 onmia
764 1645 890 1702 tabulata
903 1643 1054 1718 dispositis,
1070 1661 1166 1698 muros

203 1722 401 1778 defensoribus
424 1722 577 1791 nudasset3
612 1733 673 1778 tum
695 1723 850 1788 Hannibal,
874 1723 1055 1778 occasionem
1078 1731 1163 1789 ratus,

203 1795 381 1875 quingentos·
400 1799 488 1856 ferme
512 1799 598 1858 Afros
624 1819 691 1856 cum
713 1800 837 1856 dolabris
857 1800 893 1856 ad
914 1799 1108 1856 subruendum
1128 1799 1166 1854 ab

144 1923 146 1928 .
204 1878 263 1934 imo
276 1895 391 1936 murum
402 1877 504 1936 mittit:
541 1895 597 1936 nec
618 1888 677 1934 erat
691 1877 807 1936 difficile
830 1897 910 1952 opus,
935 1875 1008 1950 quad
1026 1887 1165 1932 caementa

170 1971 196 2012 at
205 1973 263 2012 nou
276 1955 356 2011 ealce
370 1956 470 2017 durata
484 1967 574 2021 erant,
587 1955 639 2010 sed
651 1955 856 2020 interliminio,
881 1965 1028 2012 structure
1043 1954 1165 2026 antiquae

204 2051 318 2108 genere.
367 2031 467 2106 Itaque
488 2032 580 2102 latius,
605 2030 690 2106 quam
717 2033 888 2102 cederetur,
910 2033 1028 2088 ruebat:
1060 2049 1165 2104 perque

190 2111 331 2185 patentia
343 2109 435 2168 ruinis
448 2109 563 2184 agmina
576 2119 746 2166 armatorum
762 2110 790 2166 in
805 2111 904 2170 urbem
920 2109 1068 2166 radebant.
1111 2107 1166 2164 Lc-

205 2206 273 2244 cum
287 2205 397 2261 quoque
411 2187 518 2248 editum
534 2187 669 2262 capiunt:
691 2186 900 2262 collatisqueed
909 2187 1060 2260 catapultis
1073 2187 1166 2242 ballis-

205 2265 352 2338 tisque,ut
364 2261 560 2323 casrutun'in
582 2265 639 2338 ipsd
662 2266 738 2322 urbe·
754 2265 831 2322 velut
851 2285 945 2322 arcem
969 2265 1165 2321 imminentem

171 2359 196 2399 es
206 2343 354 2412 haberent,-
365 2361 446 2398 tauro
458 2387 459 2390 ,
471 2341 650 2400 circumdant
660 2363 685 2400 ι.
698 2354 727 2400 et
750 2344 902 2418 Saguntini
927 2361 1039 2400 murum
1054 2343 1166 2415 interio-

205 2440 265 2477 rem
280 2421 316 2476 ab
329 2421 456 2477 nondum
471 2422 553 2494 capte
578 2421 655 2477 urbis
676 2432 753 2496 parta
770 2423 888 2478 ducunt.
929 2421 1077 2494 Utrimque
1091 2439 1166 2476 suin»

205 2499 252 2554 mla
267 2499 292 2554 vi
306 2509 336 2554 et
346 2498 487 2564 muniunt,
502 2509 531 2554 et
549 2510 696 2572 pugnant:
718 2499 783 2570 sed„
800 2499 938 2556 interiora
947 2499 1061 2568 tuendo,
1077 2499 1167 2555 mino·

206 2594 265 2632 rem
280 2577 311 2632 in
324 2575 498 2634 diesurbem
523 2576 674 2651 Saguntini
690 2577 806 2635 faciunt.
847 2577 943 2634 Simul
953 2577 1057 2632 crescit
1071 2577 1166 2650 inopia

206 2654 336 2710 omnium
348 2653 614 2728 longa-obsidione,
635 2664 666 2712 et
689 2655 825 2712 minuitur
845 2654 1025 2728 erspeotatio—
1042 2666 1166 2709 eaternae

147 2733 148 2736 ’
172 2731 286 2806 acopis;
306 2750 394 2806 quum
407 2741 464 2788 tam
489 2731 587 2806 procul
613 2732 748 2798 Romani,
771 2733 857 2789 unica
875 2751 950 2806 spes,
973 2732 1055 2788 cirea.
1071 2732 1167 2787 omnia

206 2809 330 2866 hostium
343 2819 448 2866 essent.
490 2808 636 2884 Paulisper
650 2821 750 2869 tamen
761 2810 877 2866 affectos
902 2810 1018 2866 animos
1029 2810 1167 2866 recreavit

206 2888 354 2961 repentina
368 2886 505 2961 profectio
527 2887 699 2946 Hannibalis
717 2889 751 2946 in,
761 2889 903 2944 Oretanos
916 2888 1167 2962 Carpetanosque:

206 2965 254 3038 qui
268 2966 327 3022 dno
339 2965 442 3039 populi,
457 2965 584 3020 deuotus
605 2967 759 3022 acerbitate
774 2966 957 3030 consternati,
972 2964 1089 3022 retentis
1100 2983 1168 3020 con·

206 3043 402 3117 quisitoribus,
412 3053 517 3100 matum
533 3043 701 3100 defectionis
720 3063 813 3118 quum·
832 3043 1028 3117 prebuissent,
1041 3042 1168 3116 oppressi

172 3120 353 3178 secularitate
367 3120 548 3188 Hannibalis,
562 3121 719 3178 omiserunt
733 3132 808 3178 mota
822 3139 913 3180 arma,

246 3274 318 3332 XII.
352 3276 418 3332 Nec
433 3277 559 3352 Sagunti
575 3277 751 3353 oppugnatio
772 3278 887 3353 segnior
899 3287 969 3350 erat,
990 3278 1168 3350 Maharbale,

209 3354 383 3410 Himilconis
398 3355 467 3426 filio,
481 3355 561 3426 (eum
574 3355 732 3429 prefecerat
746 3355 906 3434 Hannibal)
922 3356 961 3412 ita
975 3356 1093 3430 impigre
1107 3373 1167 3412 rem

206 3443 318 3508 agente,
334 3443 365 3488 ut
378 3432 481 3488 ducem
496 3433 596 3488 abesse
609 3451 664 3488 nec
678 3434 754 3489 cives
774 3452 829 3490 uec
843 3435 938 3491 hostes
951 3434 1097 3490 sentirent.
1139 3433 1169 3490 Is

206 3522 236 3568 et
249 3509 347 3584 proelia
362 3509 466 3584 aliquot
480 3510 611 3568 secunda
622 3510 697 3580 lecit,
712 3512 844 3568 attribue
858 3513 993 3568 arietibus
1011 3512 1169 3585 aliquantu·

173 3587 267 3644 selum
281 3587 353 3644 muri
368 3587 503 3644 discussit
514 3607 527 3656 ς·
554 3598 702 3662 amaraque·
719 3590 816 3646 cannia
841 3590 1005 3646 recentibus
1019 3590 1108 3646 urinis
1122 3590 1171 3644 ad·

208 3665 333 3722 venienti
349 3665 506 3721 Hannibali
518 3666 649 3722 ostendit.
691 3667 790 3741 Itaque
804 3668 840 3724 ad
855 3668 943 3741 ipsam
957 3685 1054 3724 arcem
1064 3676 1171 3722 extem·

207 3744 254 3820 plo
275 3744 390 3814 ductus
405 3743 565 3876 exercliqtqs3
601 3755 736 3820 atroxque
763 3745 894 3820 proelium
922 3764 988 3802 cum
1002 3815 1004 3821 Ι
1018 3743 1169 3802 multorum

502 3842 521 3876 a
