2632 4224
163 337 203 394 40
557 335 625 384 ΤΙΤΙ
642 337 725 386 LIVll

164 495 224 532 mor
238 475 314 542 inde,
339 495 550 552 concursusque
572 480 678 554 populi,
700 480 862 536 mirantium
883 481 950 555 quid
974 479 1014 538 rei
1036 492 1119 539 esset.

164 553 392 627 Tanaquil-inter
409 557 560 612 tumultum
575 558 668 614 claudi
682 559 788 634 regiam
810 559 901 634 jubet,
926 561 1042 616 arbitros
1064 561 1120 635 eje·

164 631 221 686 cit:
244 633 338 699 simul,
352 652 414 706 quae
428 635 555 691 curando
576 637 684 692 vulneri
705 657 776 711 opus
796 647 872 708 sunt,
895 647 1036 712 tamquam
1056 657 1120 712 spes

109 714 128 764 ff
164 709 300 780 subesset,
323 710 422 766 seduli)
446 723 608 785 comparat:
643 714 736 785 simul,
757 715 940 771 si=destituat
964 735 1038 788 speS,
1065 717 1120 772 alia

163 787 293 859 praesidia
307 790 427 846 molitur.
470 790 567 846 Servio
581 792 698 864 propere
713 793 805 849 accito
817 801 911 868 'quum
925 813 1006 867 paene
1020 813 1120 850 exsan·
1141 808 1154 846 5

163 883 248 937 guem
263 867 351 923 virum
365 867 534 924 ostendisset
545 887 552 936 ;
583 869 710 925 dextram
731 881 832 926 tenens
850 883 918 940 orat,
940 889 977 926 ne
1000 871 1119 926 inultam

163 954 281 1000 mortem
308 946 408 1016 soceri,
434 964 480 1000 ne¹
504 965 616 1002 socrum
643 947 766 1004 inimicis
792 949 913 1004 ludibrio
946 967 1009 1004 esse
1036 947 1118 1003 sinat.

164 1024 181 1056 t‘
194 1021 291 1078 Tuum
306 1024 377 1093 est‚'’
392 1023 491 1096 inquit,
505 1025 523 1056 “
534 1025 624 1089 Servi,
639 1025 661 1080 si
676 1026 716 1082 vir
729 1045 770 1092 es,
782 1037 922 1101 regnum3
942 1045 999 1082 non
1011 1043 1117 1094 eorum,

163 1101 181 1132 “
193 1101 240 1172 qui
255 1101 354 1156 alienis
375 1102 508 1157 manibus
529 1101 681 1176 pessimum
704 1105 814 1160 lacinus
835 1105 937 1160 secere.
979 1103 1065 1176 Erige
1080 1116 1118 1168 te,
1183 1145 1184 1148 ,

164 1180 181 1210 “
195 1177 325 1251 Deosque
339 1179 427 1234 duces
442 1188 569 1254 sequere,
590 1181 637 1254 qui
662 1181 768 1237 clarum
784 1184 838 1239 hoc
853 1181 911 1238 fore
925 1191 1010 1255 caput
1024 1181 1119 1235 divino
1130 1192 1153 1230 ro

162 1259 180 1288 ·‘
192 1257 332 1328 quondam
348 1257 520 1314 circumfuso
534 1257 593 1332 igni
609 1261 819 1332 portenderunt.
861 1259 949 1315 Nunc
961 1271 988 1314 te
998 1257 1050 1332 illa
1063 1277 1120 1312 coe-

162 1334 269 1389 “lestis
290 1335 395 1390 excitet
416 1334 545 1390 flamma:
575 1355 652 1392 nuuc
675 1337 871 1410 expergiscere
895 1335 970 1392 vere.
1012 1335 1049 1390 Et
1068 1353 1120 1390 nos
1174 1363 1175 1368 =
1208 1352 1220 1358 ’

162 1412 333 1486 “peregrini
348 1412 537 1486 regnavimus.
564 1413 639 1472 ,Qui
662 1413 710 1484 sis,
732 1431 788 1469 non
813 1413 889 1468 unde
911 1413 1054 1477 nemesis,
1077 1429 1120 1467 re·

162 1497 179 1521 “
191 1501 267 1562 puta.
299 1490 341 1545 Si
355 1501 404 1546 tua
419 1510 447 1544 re
457 1489 550 1546 subitis
562 1491 808 1564 consiliatorpent‚
818 1501 846 1546 at
857 1501 887 1546 tu
897 1511 961 1546 mea
971 1487 1119 1566 sequere.⁴’
1140 1497 1141 1500 ’

161 1567 260 1627 Quum
275 1568 381 1624 clamor
395 1568 570 1642 impetusque
592 1569 779 1624 multitudinis
802 1569 849 1624 vix
871 1570 1002 1625 sustineri
1017 1576 1154 1643 posset,15

161 1665 194 1701 cr
210 1646 353 1718 superiore
365 1657 442 1720 parte
457 1647 560 1702 aedium
574 1666 622 1720 per
645 1646 790 1714 fenestras,
805 1647 833 1702 in
848 1646 959 1703 Noram
974 1647 1047 1702 viam
1061 1663 1120 1700 ver-

162 1744 206 1779 sas
222 1723 379 1797 (habitabat
390 1725 469 1786 enim
483 1743 532 1780 rex
546 1725 581 1780 ad
607 1725 685 1781 Jovis
709 1725 853 1802 Statoris),
876 1725 1009 1799 populum
1024 1725 1120 1780 Tarra-

161 1803 216 1874 quil
240 1801 405 1878 alloquitur:
431 1802 513 1876 jubet
534 1803 636 1858 “bono
657 1803 752 1859 animo
775 1821 854 1870 esse3
888 1804 1010 1877 sopitum
1033 1802 1117 1858 luisse

161 1886 178 1944 ‘.‘
192 1883 287 1954 regem
309 1881 403 1937 subito
428 1881 503 1936 ictu:
532 1881 636 1936 serrum
663 1882 736 1936 baud
760 1880 815 1937 alte
838 1881 866 1936 iu
888 1882 1120 1953 corpusdescen·

161 1963 178 1992 ‘²
192 1960 284 2015 disse:
310 1959 369 2033 jorn
392 1959 426 2014 ad
451 1977 480 2012 sc
495 1959 611 2014 redisse.
666 1958 829 2032 Inspectum
858 1958 968 2028 uuluae,
992 1959 1153 2012 abstersoac

160 2041 177 2070 “
191 2055 299 2094 cruore.
341 2037 448 2092 Omnia
462 2037 585 2092 salubria
598 2054 678 2092 esse:
706 2036 868 2102 confideres
883 2055 969 2109 prope
986 2036 1061 2090 diem
1076 2035 1119 2106 ip-

149 2119 178 2172 .“
192 2135 253 2170 sum
268 2133 317 2170 eos
330 2115 445 2170 visuros.
488 2114 606 2170 Interim
631 2115 728 2170 Servio
748 2114 846 2170 Tullio
865 2113 964 2186 jubere
985 2112 1119 2186 populum

95 2235 98 2247 .
129 2193 133 2198 ’
154 2200 178 2229 =⁶²
191 2194 268 2248 dicto
281 2193 443 2250 audientem
458 2210 529 2246 esse.
557 2191 630 2246 Eum
643 2191 707 2264 jura
721 2191 907 2256 redditurum,
921 2190 1121 2262 obiturumque

161 2278 177 2306 ‘³
191 2271 247 2326 alia
259 2270 334 2344 regis
347 2269 445 2324 munia
459 2268 550 2323 esse.”
592 2267 707 2324 Servius
721 2286 787 2322 cunr
802 2267 899 2322 trabea
922 2279 961 2322 et.
971 2267 1119 2324 lictoribus

161 2349 269 2426 prodit3
298 2366 340 2415 uc¹
356 2347 422 2402 sede
437 2345 513 2418 regit
528 2345 642 2409 sedens,
664 2345 719 2406 aliu
728 2344 870 2414 decernit,
885 2345 920 2398 de
935 2344 996 2399 aliis
1010 2349 1154 2402 consul-2⁵

161 2443 254 2485 turum
276 2443 306 2480 se
330 2442 426 2498 regern
454 2441 516 2478 esse
540 2421 661 2478 simulat.
702 2411 826 2495 ,itaqua
853 2439 901 2494 per
929 2421 1033 2494 aliquot
1057 2422 1120 2476 dies

163 2509 262 2580 (quum
274 2503 332 2578 jam
347 2501 515 2574 exspiralsset
525 2499 712 2576 Tarquinius)
724 2499 816 2555 celatia
830 2499 1154 2572 mortaperspeciem‘?

162 2586 261 2642 alienes
276 2580 427 2656 fungendae
442 2579 512 2634 vicis
525 2597 590 2633 suas
603 2597 671 2651 opes
693 2577 831 2632 firmavit:
868 2586 927 2632 turn
943 2577 1059 2632 demum
1074 2599 1120 2652 pa·
1135 2587 1148 2628 ε’

161 2665 216 2719 1εὶῐῃ
232 2661 316 2730 sacto,
330 2669 358 2714 et
372 2655 592 2730 comploratione
607 2656 636 2710 in
658 2655 736 2728 regia
757 2655 828 2719 orta,
851 2653 976 2724 ServiuS,
990 2648 1154 2731 ρτωείἀίοὲξ

162 2742 242 2796 firmo
256 2737 392 2802 munitm,
407 2735 512 2808 primus
526 2734 634 2808 injussu
648 2732 753 2806 populi,
773 2732 915 2788 voluntate
930 2732 1043 2801 Patrem
1059 2752 1120 2808 reg·
1135 2783 1148 2810 ‚

162 2819 246 2874 navit.
290 2815 367 2872 Anci
388 2813 479 2879 liberi,
503 2811 643 2886 jamtum
670 2809 882 2884 comprehensis
903 2808 1019 2864 sceleris
1039 2813 1149 2890 mini-[0

161 2898 233 2962 striS,
251 2905 281 2950 ut
295 2893 386 2948 vivere
401 2909 507 2964 regem,
532 2899 561 2944 et
578 2899 671 2944 tantas
684 2907 745 2943 esse
759 2906 827 2964 opes
850 2887 940 2944 Servii
960 2888 1120 2946 nuntiatum
1136 2907 1155 2956 a,
1191 2919 1195 2924 ·

161 2986 212 3044 est,
229 2974 363 3029 Suessam
378 2967 533 3024 Pometiam
548 2966 706 3023 exsulatum
721 2965 819 3022 ierant.
908 2963 909 2968 '
1136 2957 1155 2994 9*

117 3116 120 3122 ¹
201 3127 298 3204 XLII.
326 3127 391 3184 Nec
411 3124 468 3199 jam
483 3123 604 3198 publicis
628 3122 718 3196 magis
740 3121 865 3194 consiliis
888 3121 1012 3186 Servius
1036 3120 1120 3195 quiam

162 3209 286 3284 priumie,
301 3203 411 3260 munire
428 3221 512 3276 opes:
539 3212 635 3272 etna,
659 3200 749 3274 qualis
768 3199 844 3254 Anci
866 3199 984 3254 liberium
1010 3201 1156 3256 animosas
1207 3189 1209 3194 ¹

163 3288 296 3356 aduersus
320 3281 511 3354 Tarquinium
536 3279 636 3344 fuerat,
662 3279 726 3333 talis
753 3278 887 3333 adversus
913 3295 943 3332 se
970 3277 1121 3352 Tarquinii

163 3365 280 3420 liberdr'n
295 3371 378 3429 esset,
393 3359 463 3414 duas
477 3357 548 3413 lilius
559 3356 711 3430 juvenibus
721 3355 815 3430 regiis,
828 3354 919 3410 Lucio
930 3365 1012 3428 atque
1028 3358 1122 3410 Arun-

164 3443 183 3498 ti
205 3438 380 3513 Tarquiniis,
401 3435 502 3511 jungit.
553 3433 617 3490 Nec
639 3433 713 3507 rupit
734 3449 829 3499 tamen
852 3431 900 3487 sati
922 3432 1121 3486 necessitatem

122 3531 124 3534 '
163 3518 294 3576 lrurnanis
308 3515 442 3584 consiliis,
457 3513 525 3587 quin
550 3512 656 3569 invidia
677 3511 767 3584 regni,
789 3511 873 3565 etiarn
893 3507 965 3562 inter
989 3507 1122 3578 domesti-

163 3616 221 3666 cae,
247 3595 334 3652 infida
355 3593 450 3650 omniu
474 3603 557 3666 atque
578 3589 680 3646 infesta
696 3588 810 3644 faceret.
859 3581 1069 3657 Peropportune
1086 3585 1156 3640 adu

164 3675 309 3751 proesentis
322 3673 445 3747 ‹qrrlbtem
460 3673 546 3726 statiis
563 3669 668 3724 bellum
687 3685 752 3722 curn
768 3663 936 3739 Vejentibus
959 3663 1030 3736 (jam
1044 3663 1121 3718 enim

165 3754 287 3811 induciae
301 3750 442 3829 exierant)
465 3749 582 3827 aliisque
604 3745 733 3802 Etruscis
755 3756 907 3818 sumptum.
950 3739 983 3796 ln
1000 3759 1035 3798 co
1050 3740 1123 3820 bello
