2620 4220
177 355 238 418 212
582 351 753 406 rrrrarvrr

180 495 329 572 Campani.
360 495 528 556 ,Numidam
552 507 711 573 promptum
732 495 767 553 ad
787 494 885 552 omnia
905 493 1038 551 audenda
1057 491 1145 553 donis

178 575 296 650 pellicit,
311 588 352 646 ut,
366 576 455 632 literis
468 575 604 650 acceptis,
620 575 716 650 specie
730 573 883 648 transfugae
900 583 994 630 castra
1007 573 1146 632 Romana

179 651 334 728 ingressus,
349 654 438 710 alteria
450 664 529 729 parte
544 652 673 728 Capuam
695 651 769 708 clam
783 651 927 726 pervadat.
968 649 1073 707 Literae
1093 670 1146 708 au·

177 742 236 788 tem
250 742 331 788 erant
344 732 540 789 adhortatione
564 729 673 806 plenae:
707 729 949 786 “Profectionem
973 747 1064 800 suam,
1078 748 1144 804 quaa

177 809 196 843 ‘⁴
205 809 336 866 salutaris
350 809 405 866 illis
419 809 500 879 soret,
514 808 719 866 abstracturam
734 807 770 864 ad
791 805 1001 864 defendendam
1017 807 1144 865 Romam
1165 826 1181 866 a

177 887 241 946 “ab
264 888 455 964 oppugnanda
476 888 575 962 Capul
600 885 690 942 duces
716 897 799 959 atque
820 885 963 941 exercitus
984 885 1143 943 Romanos.

177 966 196 1000 ‘⁶
205 963 253 1022 Ne
274 965 483 1040 desponderent
507 964 635 1020 animus:
670 963 817 1020 tolerando
836 981 943 1037 paucos
961 962 1033 1034 dies,
1054 974 1144 1020 totam

177 1042 346 1100 “soluturos
359 1041 566 1102 obsidionem.”
609 1041 682 1098 Inde
706 1059 793 1098 naves
815 1040 845 1096 in
867 1039 985 1096 flumine
1001 1040 1144 1098 Vulturno

177 1121 398 1195 comprehensas
411 1121 506 1196 subigi
527 1120 563 1176 ad
585 1119 624 1188 id,
645 1119 720 1193 quod
737 1117 797 1194 jam
818 1117 885 1174 antri
906 1118 1030 1193 presidii
1054 1121 1144 1176 carrad

178 1198 295 1264 lecerat,
309 1198 458 1254 castellum
470 1195 561 1273 jussit.
602 1195 735 1257 Quarum
751 1196 799 1252 ubi
814 1207 921 1252 tantam
941 1196 1053 1270 copiam
1068 1215 1142 1264 esse,
1153 1215 1179 1254 rc

177 1286 209 1332 ut
233 1275 292 1331 und
312 1287 397 1334 nocte
421 1276 513 1351 trajici
535 1285 631 1350 posset
649 1275 800 1342 exercitus,
822 1273 938 1331 allatum
952 1284 1005 1340 est,
1026 1274 1144 1332 cibariis

176 1353 279 1410 decem
293 1353 404 1410 dierum
420 1353 591 1429 praeparatis,
610 1353 749 1408 deductas
762 1362 846 1410 nocte
862 1353 909 1426 ad,
922 1351 1041 1408 fluvium
1055 1352 1143 1429 legio·

177 1449 230 1488 nes
243 1441 309 1488 ante
323 1432 416 1488 lucem
428 1431 548 1506 trajecit.

216 1585 302 1644 VIII.
337 1587 372 1644 Id
398 1587 561 1664 priusquam
588 1587 677 1658 lieret,
699 1587 738 1644 ita
759 1586 886 1648 futurum
907 1597 1086 1662 compertum
1106 1606 1143 1646 ex

175 1664 473 1740 transfugiafulvius
494 1665 618 1724 Flaccus
639 1664 751 1723 senatui
771 1664 897 1723 Romam
911 1684 998 1740 quum
1013 1665 1178 1742 scripsiera

176 1752 229 1808 set,
245 1743 319 1799 varie
335 1743 481 1800 hominum
497 1743 585 1800 animi
599 1762 650 1818 pro
663 1744 802 1820 cujusque
823 1743 941 1820 ingenio
955 1743 1050 1800 affecti
1065 1754 1141 1802 sunt.

174 1818 214 1878 Ut
228 1819 258 1876 in
272 1839 303 1877 re
317 1831 374 1878 tam
395 1821 514 1896 trepida,
530 1833 631 1878 senatu
644 1822 786 1896 extemplo
799 1832 908 1894 vocato,
931 1821 963 1878 Ρ.
978 1821 1141 1890 Cornelius,

175 1897 224 1954 cui
239 1897 338 1956 Asinae
352 1919 512 1976 cognomen
526 1911 596 1968 erat,
611 1919 711 1959 omnes
721 1900 810 1956 duces
821 1899 1019 1974 exercitusque
1034 1919 1070 1956 ex
1083 1904 1142 1958 totd

176 1975 269 2050 ltalia,
284 1997 377 2052 neque
401 1979 518 2054 Capuae,
545 1997 638 2052 neque
663 1977 747 2034 ullius
771 1978 886 2050 alterius
910 1978 952 2034 rei
973 1979 1142 2046 memor‚'ad

175 2051 261 2111 Urbis
287 2056 450 2131 presidium
473 2054 633 2114 revocabat.
675 2055 783 2114 Fabius
806 2056 958 2128 Maximus,
986 2056 1102 2113 abscedi
1124 2075 1177 2115 aec

175 2131 287 2207 Capua,
302 2136 455 2209 terrerique
469 2145 498 2192 et
518 2134 676 2210 circumagi
697 2135 733 2191 ad
748 2145 834 2191 nutus
848 2130 1141 2209 comminationesque

175 2208 359 2279 Hannibalis,
384 2213 554 2288 flagitiosum
576 2213 708 2269 ducebat.
750 2212 840 2274 “Qui
861 2214 897 2269 ad
919 2213 1037 2269 Cannas
1050 2213 1141 2270 victor

174 2288 245 2344 “ire
265 2299 361 2346 tamen
376 2291 411 2347 ad
434 2290 540 2347 Urbem
561 2309 647 2348 ausus
661 2309 719 2348 non
740 2301 825 2364 esset,
839 2309 916 2363 enm,
937 2310 954 2348 a
975 2291 1077 2365 Capul
1097 2309 1142 2348 re-

174 2366 329 2440 “pulsum‚
344 2385 422 2442 spem
436 2369 579 2442 potiundae
600 2368 679 2424 urbis
694 2369 796 2426 Romae
818 2369 928 2444 cepisse
947 2371 959 2425 'l
1013 2368 1080 2426 Non
1103 2368 1141 2426 ad

174 2443 194 2476 “
203 2442 328 2501 Romam
347 2441 543 2517 obsidendam,
566 2444 615 2502 sed
637 2445 674 2502 ad
698 2445 804 2522 Capuae
817 2446 994 2504 liberandam
1015 2446 1177 2506 obsidio-so

174 2522 279 2589 “nem
301 2523 351 2580 ire.
393 2523 528 2596 Romam,
542 2543 608 2582 cum
623 2541 658 2582 co
678 2526 805 2582 exercitu
818 2526 867 2599 qui
881 2526 916 2582 ad
931 2525 1031 2582 urbem
1052 2535 1139 2598 esset,

173 2601 193 2635 “
202 2599 312 2668 lovem,
329 2600 466 2659 soedernm
482 2605 628 2678 ruptorum
642 2603 679 2659 ab
694 2602 857 2660 Hannibale
879 2612 990 2673 testem,
1006 2603 1140 2676 Deosque

173 2679 273 2737 “alios
300 2680 467 2738 defensuros
491 2681 584 2738 esse.’'
627 2681 689 2738 Has
715 2681 841 2738 diversas
864 2681 1020 2738 sententias
1040 2679 1140 2737 media

174 2759 318 2816 sententia
331 2758 362 2814 P.
377 2759 484 2816 Valerii
499 2758 598 2816 Flacci
613 2759 701 2828 vicit3
732 2759 790 2834 qui,
805 2759 950 2834 utriusque
964 2759 1006 2816 rei
1020 2754 1139 2831 memor,

174 2835 213 2892 im
235 2837 399 2906 emtoribus,
414 2837 461 2911 qui
483 2837 519 2893 ad
534 2837 663 2912 Capuam
687 2848 793 2910 essent,
815 2835 999 2894 scribendum
1013 2836 1175 2903 censuit,ao

173 2856 283 2975 “guid
297 2915 333 2971 ad
347 2914 455 2972 Urbem
468 2915 592 2989 praesidii
606 2925 700 2972 esset:
718 2927 853 2989 'quantas
874 2925 969 2972 autem
991 2914 1139 2972 Hannibal

173 2992 298 3067 “copias
320 2993 448 3064 duceret,
462 3002 510 3048 aut
523 3002 630 3066 quanto
650 2993 781 3049 exercitu
805 2993 841 3051 ad
863 2992 994 3069 Capuam
1006 2993 1140 3050 obsiden-

173 3071 268 3128 “dam
293 3089 365 3146 opus
392 3081 476 3138 esset,
504 3069 582 3146 ipsos
609 3071 692 3129 scire.
735 3071 766 3128 Si
790 3082 820 3129 et
834 3071 958 3130 Romam
977 3089 995 3128 e
1016 3070 1139 3128 ducibus

173 3151 193 3185 “
202 3147 281 3218 alter,
295 3159 325 3205 et
338 3148 484 3208 exercitlls
497 3167 562 3224 para
575 3147 649 3207 mitti
662 3161 767 3224 posset,
789 3161 821 3207 ut
834 3151 870 3206 ab
890 3149 999 3225 reliquo
1013 3160 1042 3207 et
1062 3150 1139 3206 duce

137 3290 139 3294 ,
173 3229 193 3264 “
201 3234 231 3282 et
243 3227 371 3283 exercitu
387 3227 487 3302 Capua
497 3227 574 3284 recte
588 3227 785 3297 obsideretur3
807 3227 881 3286 inter
895 3247 925 3286 sc
940 3235 1140 3303 compararent

173 3303 341 3361 “Claudius
355 3303 538 3380 Fulviusque,
553 3306 609 3363 utri
623 3303 781 3364 obsidenda
804 3306 913 3382 Capua,
928 3307 994 3380 utri,
1015 3306 1051 3364 ad
1075 3325 1173 3381 pro-as

174 3383 356 3439 “hibendam
380 3381 528 3442 obsidione
549 3384 679 3458 patriam,
700 3382 1011 3446 Romamreniendum
1032 3384 1137 3441 esset.'’

174 3463 241 3522 Hoc
255 3461 512 3520 senatus-consulto
526 3454 656 3538 Capuam
677 3462 794 3539 perlato,
814 3461 856 3524 Q.
880 3463 999 3528 Fulvius
1019 3481 1138 3540 procon-

174 3540 229 3607 sul,
243 3539 302 3607 cui‚
316 3539 426 3616 collega
446 3559 483 3598 ex
503 3541 620 3598 vulnere
634 3561 720 3618 egro,
733 3542 863 3600 eundum
889 3541 1014 3599 Romam
1028 3552 1099 3613 erat,
1119 3560 1137 3598 e

174 3619 264 3678 tribus
277 3619 450 3676 exercitibus
471 3618 561 3677 milite
584 3619 686 3686 electo,
711 3619 747 3676 ad
770 3619 935 3695 quindecim
957 3620 1046 3678 millia
1058 3619 1138 3696 pedi·

133 3753 138 3776 ,
173 3709 246 3764 turn,
260 3697 337 3754 mille
351 3697 470 3772 equites,
491 3695 666 3754 Vulturnum
685 3697 817 3756 traducit.
858 3695 931 3756 Inde
954 3717 1042 3773 quum
1057 3697 1172 3760 Han-o

174 3775 300 3834 nibalem
313 3773 416 3833 Latina
429 3775 475 3834 viri
489 3774 594 3832 iturum
609 3775 677 3832 satis
687 3776 881 3852 comperisset,
892 3776 956 3856 ,ipse
968 3796 1018 3854 per
1033 3776 1137 3854 Appiae
