2620 4220
175 327 236 390 pp]
534 378 541 390 ,
569 321 639 372 amr
655 317 740 370 mvn

177 468 267 538 nans,
281 467 355 524 inter
369 464 481 522 mitiora
491 463 550 539 jam
565 461 712 526 hominurn
736 461 874 520 transibat
897 461 1022 540 ingenia.
1064 463 1147 526 Invi·

177 547 251 605 nitati
265 562 389 619 namque
403 553 487 600 antea
509 542 688 618 alienigenis,
710 559 765 599 nec
779 541 875 598 videre
889 542 942 618 ipsi
957 544 1098 602 adranam
1113 546 1147 602 in

176 627 227 682 sul
241 625 314 680 terre
328 622 446 692 assueti,
468 621 547 678 omni
568 620 667 696 generi
692 620 817 676 humano
840 620 1022 678 insociabiles
1040 633 1145 680 erant:

176 713 205 760 et
223 701 316 777 primo
343 700 445 776 ignari,
466 699 523 774 qud
538 699 652 756 'Poenus
671 708 811 773 pergeret,
843 717 910 754 suas
929 719 1014 774 rupes
1034 719 1146 775 suaque

175 780 302 845 castella,
333 791 363 836 et
382 797 517 854 pecorum
550 776 754 850 hominumque
782 777 906 850 predam
933 777 991 852 peti
1012 779 1179 839 credide-⁵

175 869 258 916 rant:
293 857 368 914 sama
382 857 486 914 deinde
501 855 603 912 Punici
630 855 708 922 belli,
729 873 786 928 quo
809 854 1012 912 duodecimum
1033 875 1145 914 annam

176 937 260 996 ltalia
281 937 423 1006 urebatur,
448 934 517 992 satis
536 934 700 1000 edocuerat,
722 933 796 988 viam
815 931 928 990 tantum
948 935 1039 1009 Alpes
1058 953 1144 992 esse:

176 1016 249 1072 duas
272 1014 437 1090 prevalidas
460 1013 554 1079 urbes,
578 1030 683 1086 magno
704 1011 777 1086 inter
798 1031 829 1068 ee
844 1013 929 1068 maris
949 1024 1146 1088 terrarumque

176 1094 266 1169 spatio
279 1093 425 1161 discretas,
447 1092 483 1148 de
504 1090 624 1165 imperio
637 1099 666 1146 et
685 1089 787 1164 opibus
809 1103 929 1149 certare.
971 1091 1026 1148 Hae
1047 1111 1146 1151 causae

176 1181 346 1246 aperuerant
367 1170 457 1244 Alpes
485 1168 668 1228 Hasdrubali.
723 1167 878 1234 Caeterdm,
902 1169 975 1242 quod
997 1169 1180 1230 celeritatem

176 1249 287 1306 itineris
299 1249 459 1324 profectum
473 1259 543 1314 crat,
559 1247 587 1303 id
599 1265 678 1302 mora
697 1246 734 1302 ad
750 1245 936 1313 Placentiam,
956 1247 1025 1304 dum
1040 1248 1147 1306 frustra

175 1327 286 1385 obsidet
314 1327 404 1402 magis
425 1327 509 1400 quim
522 1335 675 1400 oppugnat,
698 1325 832 1400 corrupit.
874 1325 1045 1382 Crediderat
1066 1345 1147 1382 cam·

175 1405 277 1480 postris
289 1405 385 1480 oppidi
400 1404 512 1462 facilem
531 1403 773 1478 expugnationem
796 1421 879 1460 esse:
907 1415 936 1462 et
950 1404 1083 1462 nobilitas
1096 1423 1147 1472 co-

175 1483 259 1542 loniae
274 1484 424 1540 induxerat
438 1501 514 1548 eum,
530 1501 665 1556 magnum
680 1499 712 1537 se
732 1481 860 1538 exscidia
882 1482 945 1558 ejus
960 1481 1037 1540 urbis
1056 1494 1146 1540 terro·

175 1581 236 1619 rem
251 1561 468 1618 ceterisratrrm
492 1560 675 1636 injecturum.
717 1560 786 1618 Non
809 1561 901 1635 ipsum
925 1561 1017 1618 solum
1038 1580 1073 1618 ea
1094 1580 1180 1636 ‚op-1⁵

174 1640 311 1715 pugnatio
326 1639 473 1714 impediit;
505 1640 555 1695 sed
579 1638 785 1711 Hannibalem,
799 1650 862 1712 post
886 1638 990 1696 sarnam
1009 1640 1147 1697 transitus

175 1717 237 1794 ejus
251 1717 330 1774 tantd
344 1736 394 1792 spe
408 1720 457 1773 sui
483 1717 659 1784 celeriorem,
685 1716 744 1792 jam
770 1728 931 1774 lactentem
945 1736 992 1794 ‘ex
1006 1719 1146 1790 hibernis,

175 1796 376 1864 continuerat,
397 1795 500 1870 qnippe
515 1805 705 1870 reputantem,
720 1814 776 1852 non
791 1793 886 1852 sotum
900 1795 985 1869 quam
1007 1796 1085 1853 lenta
1100 1815 1146 1854 ur-

177 1873 255 1931 bium
264 1875 443 1950 oppugnatio
456 1885 540 1941 esset,
557 1875 606 1932 sed
620 1873 705 1930 etiam
720 1872 806 1948 quam
820 1873 880 1948 ipse
895 1873 999 1930 frustra
1011 1875 1145 1932 eamdem

177 1952 251 2009 illam
267 1953 418 2034 coloniam,
433 1953 469 2010 ab
483 1953 591 2010 Trahit
605 1953 694 2009 victor
708 1969 863 2027 regressus,
878 1953 1024 2010 tentasset.
1154 1970 1181 2010 stt

215 2111 280 2169 XL.
302 2111 453 2176 Consules,
468 2108 587 2167 diversis
600 2108 750 2166 itineribus
763 2107 883 2183 profecti
908 2109 944 2166 ab
965 2109 1053 2176 Urbe,
1067 2109 1146 2166 velut

176 2190 207 2248 in
221 2190 278 2247 duo
292 2190 396 2264 pariter
411 2188 485 2246 bella
508 2187 705 2244 distenderant
728 2206 812 2244 curas
825 2187 983 2258 hominum,
1004 2187 1088 2244 simul
1105 2207 1147 2252 re·

177 2267 366 2333 cordantium,
396 2285 466 2339 quas
493 2267 601 2340 primus
632 2267 771 2322 adventus
802 2265 975 2322 Hannibalis
1003 2265 1147 2324 intulisset

177 2345 270 2402 Italiae
292 2345 406 2410 clades;
441 2343 536 2415 simul,
550 2361 636 2416 quum
659 2343 707 2400 illa
728 2354 846 2419 angeret
866 2363 946 2416 cura,
968 2354 1066 2418 “quos
1085 2355 1146 2401 tam

178 2421 341 2496 “propitios
362 2420 424 2477 urbi
446 2431 529 2494 atque
544 2420 664 2495 imperio
677 2421 735 2478 fore
750 2422 838 2490 Deos,
857 2433 889 2478 ut
902 2423 1003 2478 eodem
1017 2433 1182 2496 temporess

177 2509 196 2540 ⁸⁶
205 2500 354 2574 utrobique
369 2517 414 2556 res
429 2498 544 2574 publica
556 2501 691 2574 prospere
706 2503 876 2576 gerereturl
917 2501 1025 2558 Adhuc
1046 2501 1147 2556 adver·

178 2588 196 2616 ‘⁸
206 2597 237 2635 sa
250 2577 387 2635 secundis
400 2577 548 2652 pensando
571 2596 632 2634 rem
647 2579 682 2634 ad
708 2579 737 2636 id
751 2590 863 2653 tempus
885 2589 1039 2636 extractam
1063 2597 1145 2635 esse:

178 2666 292 2734 “quum
308 2657 338 2714 in
361 2656 443 2713 Italia
465 2656 501 2715 ad
515 2655 725 2713 Trasimenum
748 2667 777 2714 et
798 2658 915 2714 Cannas
938 2656 1147 2732 precipitlesset

177 2735 340 2796 “Romana
353 2753 407 2806 res,
430 2753 564 2810 prospera
585 2735 659 2792 bella
680 2735 709 2791 in
735 2735 877 2810 Hispania
898 2737 1058 2812 ,prolapsam
1079 2754 1147 2792 eam

177 2823 196 2852 ‘⁴
206 2813 351 2871 erexisse:
382 2824 490 2888 postea,
510 2827 598 2886 quum
613 2813 642 2869 in
655 2813 808 2888 Hispania
822 2815 877 2878 alia
891 2831 975 2889 super
990 2813 1074 2870 aliam
1089 2813 1183 2872 cla-aa

177 2903 197 2930 ‘⁶
206 2893 265 2962 des,
280 2891 392 2948 duobus
415 2891 538 2966 egregiis
557 2891 680 2948 ducibus
701 2892 821 2958 amissis,
847 2893 919 2949 duos
942 2892 1086 2948 exercitus
1108 2910 1147 2949 ex

176 2973 284 3046 “parte
306 2969 438 3035 delesset,
464 2967 553 3024 multa
577 2970 706 3026 secunda
734 2969 763 3026 in
786 2969 867 3026 ltalia
890 2971 1044 3044 Siciliaque
1064 2983 1148 3044 geste

176 3058 365 3122 “quassatam
379 3045 583 3121 rempublicam
607 3047 773 3122 excepisse3
801 3058 831 3104 et
855 3047 946 3122 ipsum
965 3047 1147 3105 intervallum

178 3135 197 3162 “
205 3125 270 3194 loci,
285 3126 360 3198 quod
371 3125 399 3180 in
410 3124 516 3181 ultimis
524 3135 660 3182 terrarum
670 3126 727 3182 oris
738 3125 857 3182 alterum
872 3126 977 3184 bellum
988 3136 1146 3200 gereretur,

178 3213 197 3241 “
206 3202 327 3278 spatium
339 3202 452 3258 dedisse
464 3203 500 3258 ad
512 3203 717 3278 respirandum.
738 3203 766 3260 N
771 3204 827 3260 imo
838 3205 896 3260 duo
906 3204 981 3260 bella
992 3204 1021 3260 in
1033 3203 1146 3261 ltaliam
1156 3221 1183 3262 ³⁵
1218 3245 1222 3252 ·

179 3291 334 3354 “accepta,
356 3279 413 3336 duo
437 3280 615 3338 celeberrimi
637 3281 762 3338 nominis
782 3282 872 3338 duces
892 3282 1078 3339 circumstare
1090 3301 1147 3338 -ur-

178 3359 272 3414 “bem
287 3357 458 3428 Romanam,
474 3368 502 3414 et
516 3377 605 3416 unum
624 3359 763 3416 inlocum
787 3370 876 3416 totam
890 3359 1010 3434 periculi
1029 3359 1145 3428 molem,

178 3446 291 3494 “omne
313 3454 391 3492 onus
418 3435 600 3494 incubuisse:
635 3438 682 3511 qui
705 3442 804 3494 'eorum
827 3438 904 3512 prior
925 3438 1048 3508 vicisset,
1070 3438 1148 3496 intra

179 3513 389 3592 “paucosdiee
408 3523 500 3570 castra
520 3533 586 3570 cum
609 3515 697 3578 altero
714 3515 912 3590 juncturam.’'
954 3516 1096 3573 Terrebat
1116 3527 1147 3574 et

177 3593 323 3670 proximus
335 3611 429 3648 annus
443 3591 571 3666 lugubris
585 3594 705 3650 duorum
724 3594 874 3652 consulum
890 3595 1046 3668 funeribus.
1086 3594 1147 3658 His
1157 3611 1182 3651 aa

178 3671 256 3728 anxii
271 3669 348 3745 curis
362 3669 491 3727 homines
505 3669 699 3743 digredientes
713 3671 743 3726 in
761 3673 922 3745 provincias
935 3673 1068 3730 consules
1080 3691 1147 3748 pro·

178 3748 271 3806 secuti
285 3755 359 3810 sunt.
401 3746 549 3804 Memoriae
562 3747 705 3822 proditum
719 3757 771 3816 est,
795 3749 912 3824 plenum
933 3751 1029 3808 adhuc
1050 3750 1099 3810 irae
1113 3750 1146 3810 in
