2630 4228
163 309 219 370 102
562 315 630 364 mm
647 314 731 364 mvn

160 450 179 482 “
190 451 226 508 de
240 452 446 527 provocatione,
461 465 489 512 et
503 455 676 526 consulares,
690 466 719 511 et
732 444 907 522 tribunicias,
921 474 956 514 eo
966 453 1026 531 ipso
1040 477 1116 517 anno

160 529 268 586 “latas.
309 531 406 591 Quem
421 533 498 588 enim
513 543 735 606 provocaturum,
760 532 783 588 si
798 534 852 588 hoc
877 533 1049 602 indemnato,
1072 537 1115 593 in·

161 605 179 638 “
191 607 269 663 dictis
282 609 379 674 causi,
394 628 450 666 non
466 609 573 666 liceatl
605 609 653 666 cui
667 609 777 684 plebejo
797 620 826 666 et
840 610 939 666 humili
954 613 1113 684 praesidium

160 683 220 740 “in
242 685 353 760 legibus
377 686 445 758 fore,
472 687 497 743 si
521 691 573 761 Ap.
590 687 711 742 Claudio
732 705 789 744 non
803 687 858 744 siti
892 705 922 743 se
943 688 1114 748 documento

161 761 180 792 “
190 760 327 828 futurum,
343 764 437 820 utrdm
452 763 531 820 novis
545 764 655 838 legibus
676 763 830 820 dominatio
844 783 880 820 an
894 764 1011 822 libertas
1024 765 1115 824 firma·
1135 775 1148 812 ⁵
1194 767 1195 770 ’

159 838 218 897 “ta
232 839 286 906 sit;
307 849 336 895 et
350 841 498 914 appellatio
521 839 735 915 provocatioque
758 841 893 906 adversus
912 841 1043 916 injuriam
1059 863 1115 910 ma-

159 915 178 1026 :
188 916 355 1019 gistpatuum
369 927 508 975 ostentata
521 917 629 974 tanttim
654 917 786 974 inanibus
804 917 902 985 literis,
917 937 954 974 an
968 919 1034 976 vere
1049 921 1114 978 data

189 1005 254 1099 ⁵11.ss
265 1029 288 1056 ,μ
1091 1031 1093 1035 .

198 1149 291 1208 LVII.
322 1153 430 1212 Contra
442 1172 477 1209 ea
497 1152 654 1228 Virginius,
675 1170 763 1208 unum
787 1153 837 1226 Ap.
859 1151 1013 1209 Claudium
1032 1164 1062 1210 et
1075 1153 1114 1210 le-

158 1243 225 1298 gum
246 1241 390 1304 expertem
417 1242 446 1287 et
466 1230 557 1286 civilis
579 1241 609 1286 et
629 1228 746 1285 humani
777 1229 889 1284 loederis
917 1248 989 1300 esse,
1011 1231 1112 1288 aiebat.
1123 1243 1146 1280 1⁰

159 1305 378 1382 “Respicerent
401 1307 522 1364 tribunal
544 1307 683 1372 homiues,
711 1306 858 1362 castellum
877 1305 1004 1362 bmnium
1026 1309 1114 1364 scele-

159 1381 270 1453 “rum;
292 1385 340 1441 ubi
361 1385 503 1442 decemvir
524 1385 571 1440 ille
591 1393 753 1458 perpetuus,
768 1383 857 1452 bonis,
879 1383 1113 1459 terg0,'sauguini

158 1460 178 1492 “
190 1461 294 1518 civium
309 1462 435 1532 infestus,
450 1463 542 1536 virgas
556 1478 725 1532 securesque
745 1461 877 1516 omnibus
899 1461 1043 1532 minitans,
1058 1462 1115 1520 De·

159 1539 178 1569 “
191 1557 270 1594 orum
287 1539 487 1612 hominumque
502 1547 694 1611 contemptor3
726 1537 917 1603 carnificibus,
940 1557 996 1594 non
1011 1538 1114 1596 lictori·

158 1617 176 1646 “
190 1615 250 1682 bus,
266 1616 392 1690 stipatus,
404 1615 462 1690 jam
477 1635 494 1672 a
507 1614 612 1688 rapinis
626 1625 655 1671 et
668 1614 794 1670 caedibus
809 1615 903 1670 animo
917 1615 952 1670 ad
966 1615 1112 1672 libidinem
1124 1625 1147 1664 1⁵

159 1694 177 1725 “
191 1711 278 1758 verso,
294 1693 432 1768 virginem
446 1691 600 1766 ingenuam
615 1691 643 1748 in
668 1691 758 1746 oculis
779 1693 874 1766 populi
888 1692 1023 1764 Romam,
1038 1693 1114 1749 velut

157 1771 176 1802 ‘⁴
189 1769 262 1826 bello
275 1781 396 1845 captam,
417 1789 433 1826 a
454 1767 602 1843 complexu
624 1767 710 1842 patris
724 1769 878 1842 abreptam,
892 1769 1114 1826 ministro'c-ubi-

158 1847 246 1903 “culi
267 1848 310 1904 sui
331 1847 427 1904 clienti
448 1847 523 1903 dono
543 1845 653 1902 dederit
664 1866 671 1914 3
700 1845 747 1901 ubi
768 1847 874 1902 crudeli
889 1847 1004 1903 decreto
1018 1847 1114 1904 nefan-

78 1951 85 1964 ·
158 1924 287 1998 “disque
300 1925 431 1981 vindiciis
445 1925 588 1980 dexteram
603 1924 690 1996 patris
709 1923 736 1978 in
757 1923 842 1980 filiam
858 1925 1023 1992 armaverit3
1055 1925 1112 1996 ubi,

158 2003 318 2060 “tollentes
332 2021 433 2079 corpus
453 2001 620 2058 semianime
634 1999 760 2075 virginis,
775 2019 909 2074 sponsum
930 2001 1147 2058 avunculum-2⁰

159 2084 242 2154 “qne
257 2081 285 2136 in
307 2099 450 2138 carcerem
465 2079 532 2136 duci
550 2077 680 2152 jusserit;
714 2087 810 2152 stupro
823 2079 999 2152 interpellato
1013 2081 1112 2154 magis,

158 2158 273 2231 “quim
299 2158 388 2224 caede,
416 2167 527 2215 motus:
571 2166 601 2212 et
623 2155 663 2211 illi
684 2174 827 2212 carcerem
850 2156 1018 2212 aedificatum
1040 2175 1112 2228 esse,

158 2241 177 2272 “
189 2237 263 2308 quod
278 2235 452 2291 domicilium
468 2233 557 2308 plebis
578 2233 714 2289 Romanae
736 2251 835 2290 vocare
850 2233 886 2289 sit
899 2233 1005 2290 solitus.
1047 2233 1113 2290 Pro-

159 2318 177 2350 “
189 2313 265 2378 inde,
281 2322 311 2368 ut
325 2312 371 2368 ille
383 2311 484 2368 iterum
506 2313 544 2366 ac'
561 2310 664 2384 saepius
684 2320 825 2384 provocet,
840 2309 881 2365 sic
895 2329 925 2366 se
950 2310 1052 2368 iterum
1077 2331 1112 2368 ac

158 2397 176 2428 ‘¹
189 2391 290 2463 saepius
301 2388 427 2462 judicem
443 2387 482 2444 illi
498 2389 580 2453 serre,
595 2387 625 2442 ni
640 2387 778 2442 vindicias
792 2387 827 2442 ab
840 2386 968 2443 libertate
983 2388 1012 2443 in
1027 2387 1112 2445 servi·
1122 2399 1147 2437 25

158 2475 275 2522 “tutem
298 2465 426 2522 dederit:
461 2465 483 2520 si
499 2465 533 2520 ad
555 2465 682 2543 judicem
704 2483 761 2520 non
786 2475 841 2535 eat,
865 2483 914 2538 pro
935 2465 1068 2522 damnato
1083 2467 1112 2522 in
1166 2467 1171 2470 ”

158 2543 302 2600 “vincula
315 2543 380 2600 duci
393 2530 521 2617 jubere.’⁵
563 2542 601 2599 Ut
615 2542 690 2612 haud
706 2561 845 2616 quoquam
869 2541 1055 2617 improbante,
1070 2545 1113 2600 sic
1138 2544 1154 2578 ·’

156 2641 262 2696 magno
284 2631 361 2678 motu
389 2621 557 2686 animorum,
578 2638 665 2694 quum
687 2620 758 2676 tanti
778 2619 829 2676 viri
851 2619 988 2694 supplicio
1002 2633 1114 2678 suamet

155 2700 232 2776 plebi
263 2700 321 2775 jam
356 2699 443 2755 nimia
483 2698 597 2754 libertas
639 2697 789 2764 videretur,
824 2697 853 2753 in
892 2717 1036 2754 carcerem
1070 2710 1113 2754 est

157 2777 322 2852 conjectus:
356 2777 487 2833 tribunus
500 2776 526 2831 ei
541 2775 616 2830 diem
638 2775 768 2848 prodixit.
810 2775 889 2830 inter
904 2776 965 2830 haec
980 2775 1015 2830 ab
1036 2775 1146 2832 Lati-³⁰

156 2861 201 2917 nis
215 2866 243 2912 et
258 2855 393 2912 Hernicis
416 2853 501 2929 legati
523 2853 692 2928 gratulatum
713 2853 748 2908 de
770 2852 927 2927 concordii·
943 2851 1056 2908 Patrum
1078 2872 1112 2910 ac

156 2934 246 3013 plebis
261 2933 383 2990 Romam
399 2943 556 2998 venerunt3
588 2929 749 3002 donumque
770 2929 807 2986 ob
831 2949 894 2986 eam
919 2930 981 2986 Jovi
997 2929 1112 3004 Optimo

158 3011 285 3071 Maximo
298 3029 429 3067 coronam
445 3027 558 3064 auream
575 3007 602 3062 in
618 3007 788 3080 Capitolium
806 3007 896 3064 tulere
912 3007 988 3082 parvi
1010 3008 1113 3082 ponde-

157 3094 206 3159 ris,
222 3100 303 3162 prout
317 3107 361 3144 res
375 3088 451 3143 haud
465 3086 605 3161 opulentae
620 3095 712 3150 erunt,
727 3085 948 3158 colebanturque
962 3085 1113 3159 religiones

157 3170 201 3245 pie
223 3167 312 3238 magis
332 3165 415 3238 quam
440 3163 599 3239 magnifice.
652 3161 757 3217 lisdem
782 3163 944 3218 auctoribus
966 3162 1145 3236 cognitum&

156 3258 207 3316 est,
224 3245 328 3316 liquos
342 3243 516 3315 Volscosque
538 3241 649 3296 summai
663 3239 688 3294 vi
704 3239 806 3295 bellum
827 3258 971 3314 apparare.
1013 3239 1113 3313 ltaque

156 3323 252 3399 partiri
275 3319 431 3394 provincias
456 3319 587 3374 cormules
604 3317 683 3392 jussi,
726 3318 844 3373 llorntio
867 3317 977 3386 Sabini,
999 3317 1113 3373 Valerio

156 3401 242 3474 AEqni
273 3398 421 3470 Volscique
443 3399 571 3451 evenire.
623 3395 722 3455 Quum
744 3397 779 3450 ad
811 3415 845 3451 ea
877 3396 946 3451 bella
969 3395 1110 3450 delectum

156 3480 320 3546 edixissent,
343 3475 434 3530 lavore
458 3473 548 3547 plebis
570 3493 626 3530 uon
649 3473 774 3547 juniores
800 3472 892 3538 medo,
915 3474 964 3528 sed
986 3472 1111 3527 emeritis

156 3557 241 3612 etiam
257 3553 413 3628 stipendiis,
428 3571 491 3626 pars
506 3569 607 3626 magna
622 3552 851 3622 voluntariorum,
866 3551 900 3604 ud
913 3549 1028 3606 nomina
1043 3549 1110 3604 dan·
1120 3557 1145 3596 ⁴0

157 3637 192 3690 da
208 3645 306 3708 praesto
321 3630 417 3686 luerit:
452 3629 539 3700 eique
556 3649 610 3684 non
627 3631 708 3701 copib
732 3628 825 3692 modi),
842 3629 890 3684 sed
905 3646 1010 3700 genere
1025 3627 1110 3682 etiam

157 3713 288 3778 rnilitum,
313 3707 450 3765 veteranis
476 3707 615 3777 admixtiS,
642 3703 975 3762 firmiore'rercitussuit.
1019 3703 1112 3760 Prius·
