2620 4220
470 345 478 354 '
530 345 637 398 LIBER
651 345 707 396 XL.
735 361 796 397 can.
813 361 850 396 vr.
1097 345 1158 406 265

196 488 291 550 animo
314 487 423 547 exitum
446 487 553 546 incauti
575 508 593 546 a
614 489 712 546 fraude
733 489 857 546 fraterna
874 487 996 564 juvenis,
1023 488 1158 564 adjuvan·

195 570 274 635 dum,
295 568 371 642 quod
385 566 511 624 futurum
525 579 595 640 erat,
609 568 672 633 rati,
694 567 899 641 fovendamque
921 585 999 641 spem
1020 567 1159 641 potentio·
1186 573 1189 578 ’

194 647 242 716 rie,
257 645 361 702 Perseo
381 665 412 702 se
433 646 601 720 adjungunt.
643 645 755 702 Caetera
769 646 796 702 in
811 664 893 702 suum
915 663 1033 718 quaque
1047 655 1158 718 tempus

196 723 309 799 agenda
322 723 476 780 differunt:
499 723 527 779 in
542 724 692 798 praesentia
707 724 809 798 placet,
833 723 911 780 omni
933 741 986 796 ope
1009 722 1037 778 in
1053 721 1159 778 Roma·

173 817 248 859 anos
268 801 389 858 accendi
404 820 511 876 regem,
527 799 689 876 impellique
703 802 738 858 ad
752 801 871 858 consilia
885 800 960 867 belli,
976 800 1012 855 ad
1026 819 1088 872 quae
1099 800 1158 874 jam

195 882 246 936 sua
273 890 372 954 sponte
399 880 527 936 animum
549 879 722 936 inclinasset.
765 879 865 946 Simul,
888 889 918 934 ut
945 877 1108 934 Demetrius
1129 877 1159 933 in

195 957 257 1013 dies
285 956 441 1031 suspectior
461 968 545 1027 esset,
576 977 611 1014 ex
632 957 787 1031 composito
807 975 952 1014 sermones
973 955 1008 1013 ad
1032 952 1160 1030 [spretio-

196 1035 276 1113 nem]
294 1035 490 1091 Romanorum
505 1035 673 1092 trahebant:
696 1035 734 1091 ibi
745 1053 831 1108 quum
843 1035 890 1092 alii
904 1045 1036 1091 moreest
1049 1033 1160 1089 institu-

195 1122 224 1168 ta
235 1131 346 1184 eorum,
361 1111 408 1169 alii
423 1131 468 1168 res
488 1124 592 1186 gestas,
613 1112 660 1169 alii
682 1113 806 1186 speciem
821 1112 909 1187 ipsius
923 1112 1010 1178 urbis,
1033 1111 1159 1167 nondum

127 1192 130 1196 ’
163 1201 338 1248 inexornatte
353 1208 446 1263 neque
467 1190 589 1264 publicis
609 1209 702 1264 neque
723 1191 837 1264 privatis
856 1190 937 1255 locis,
962 1190 1011 1246 alii
1032 1189 1160 1263 singulos

195 1268 357 1342 principum
379 1267 548 1336 eludereut3
574 1269 687 1343 juvenis
708 1268 850 1340 incautus,
870 1279 899 1324 et
919 1287 1014 1324 amore
1035 1267 1160 1322 nominis

196 1345 331 1416 Romani,
345 1355 374 1402 et
387 1346 543 1402 certamine
557 1347 692 1402 adversus
712 1347 836 1417 fratrem,
856 1346 953 1403 omnia
965 1345 1083 1410 tuendo,
1097 1363 1161 1399 sus-

195 1434 309 1497 pectam
325 1442 355 1480 se
370 1423 442 1499 patri
456 1434 485 1480 et
498 1433 688 1499 opportunum
703 1425 871 1482 criminibus
887 1424 1017 1480 faciebat
1061 1422 1160 1496 ltaque

196 1512 341 1575 expertem
355 1520 421 1558 eum
436 1512 515 1575 pater
528 1503 657 1560 omniurn
671 1503 707 1558 de
722 1501 807 1559 rebus
822 1502 962 1560 Romanis
975 1501 1159 1558 consiliorum
1240 1519 1243 1523 ·

165 1579 336 1636 uhabebat:
367 1589 443 1636 totus
458 1579 487 1635 in
502 1579 606 1636 Persea
627 1599 733 1647 versus,
756 1599 823 1637 curn
836 1599 871 1636 eo
891 1579 1078 1655 cogitationes
1098 1577 1161 1652 ejus

195 1657 237 1714 rei
251 1657 313 1714 dies
327 1676 361 1714 ac
375 1667 474 1714 noctes
488 1657 621 1734 agitabat.
663 1659 833 1724 Redierant,
856 1677 927 1733 quos
950 1657 1021 1714 sorte
1046 1656 1161 1712 miserat

196 1734 226 1792 in
242 1734 396 1792 Bastarnas
409 1735 445 1792 ad
459 1736 631 1792 arcessenda
644 1737 759 1808 auxilia,
781 1737 1015 1809 adduxerantque
1030 1735 1097 1791 inde
1111 1753 1161 1791 no·

196 1813 267 1870 biles
278 1813 409 1889 juvenes,
422 1823 451 1870 et
465 1813 535 1888 regii
549 1814 686 1888 quosdam
698 1815 812 1888 generis
825 1833 833 1882 ;
861 1833 979 1889 quorum
997 1833 1071 1870 unus
1084 1831 1161 1870 soro·

195 1910 255 1948 rem
264 1911 351 1950 ¹suam
365 1891 395 1948 in
410 1891 621 1958 matrimonium
635 1892 758 1966 Philippi
772 1891 829 1948 filio
840 1893 1041 1966 pollicebatur:
1062 1909 1160 1946 erexe-

160 1981 294 2044 aoratque
318 1969 493 2028 consociatio
515 1970 609 2044 gentis
629 1971 692 2045 ejus
713 1969 839 2026 animum
861 1969 944 2044 regis.
993 1969 1070 2025 Tum
1093 1969 1166 2029 Pers

195 2053 274 2115 seus‚'
295 2059 312 2086 ‘⁶
324 2047 406 2109 Quid
420 2047 475 2104 ista
488 2048 654 2122 prosuntl’'
669 2047 768 2122 inquit.
811 2047 1027 2121 “Nequaquam
1049 2056 1159 2103 tantum

196 2125 256 2182 “in
269 2125 394 2182 externit
415 2125 527 2186 auxiliis
548 2136 591 2182 e'st
611 2126 743 2200 praesidii,
764 2136 900 2200 quantum
920 2124 1039 2200 periculi
1061 2124 1160 2181 fraude

197 2203 392 2262 “domestica
446 2203 622 2262 Proditorem
643 2205 709 2261 nolo
729 2204 835 2276 dicere,
857 2203 933 2260 certe
954 2202 1160 2277 speculatorem

196 2289 215 2315 ‘⁸
225 2281 364 2338 habemus
378 2281 406 2341 in
418 2281 502 2350 sinu;
524 2283 617 2357 cujus,
638 2301 674 2339 ex
687 2302 742 2356 quo
755 2282 839 2339 obses
857 2281 959 2338 Rornae
975 2281 1036 2348 fuit,
1057 2299 1161 2355 corpus

160 2358 307 2416 w‘nobis
321 2359 507 2416 reddiderunt
530 2360 667 2432 Romani,
688 2360 814 2416 animum
830 2360 883 2435 ipsi
905 2360 1018 2416 babent.
1060 2359 1162 2415 Omni-

194 2441 275 2494 “um
299 2455 380 2511 prens
405 2438 595 2494 Macedonum
622 2439 652 2495 in
674 2457 739 2495 eum
760 2458 810 2495 ora
830 2457 969 2495 conversa
988 2448 1073 2494 sunt:
1104 2455 1161 2494 nec

195 2520 215 2551 “
224 2533 321 2589 regem
335 2533 367 2571 se
381 2514 467 2570 alium
482 2529 578 2572 rentur
593 2517 738 2573 habituros
751 2535 823 2587 esse,
838 2515 923 2591 qudm
937 2535 1021 2590 quem
1033 2515 1160 2572 Romani

194 2593 400 2650 “dedissent'’
426 2592 508 2665 rtis,
528 2613 578 2668 per
599 2613 629 2651 se
650 2614 735 2670 aegra,
757 2613 839 2651 meus
851 2594 929 2650 senis
942 2594 1159 2651 stimulabatur:

125 2691 128 2696 ·
194 2681 224 2728 et
238 2671 334 2728 auimo
348 2671 449 2746 magia,
463 2669 549 2745 qum
564 2673 652 2745 vultu,
666 2673 836 2738 oacrimina
849 2671 1018 2746 accipiebat.
1097 2675 1100 2682 ‘

159 2845 186 2885 at
235 2826 288 2883 VI.
310 2827 397 2885 Forte
410 2827 548 2886 lustrandi
563 2831 704 2888 exercitus
717 2830 794 2887 venit
808 2840 930 2904 tempus,
946 2827 1028 2904 cujus
1041 2827 1160 2886 solenne

193 2916 238 2962 est
251 2905 316 2963 tale.
358 2906 453 2980 Caput
467 2907 567 2964 mediae
582 2909 662 2964 canis
676 2908 811 2983 precise,
826 2921 855 2965 et
867 2907 942 2983 prior
955 2925 1029 2982 pare,
1042 2907 1078 2962 ad
1093 2907 1161 2973 derr-

193 2994 295 3050 teram,
321 3003 386 3042 cum
414 2984 487 3040 extis
507 2987 643 3060 posterior
663 2988 699 3043 ad
720 2986 819 3043 laevam
845 2987 897 3043 viae
918 2985 1051 3061 ponitur:
1086 2985 1159 3042 inter

193 3062 271 3119 hanc
295 3062 414 3118 divisam
437 3063 556 3120 hostiam
581 3065 670 3139 copiae
684 3080 799 3122 armatae
820 3065 1015 3122 traducuntur.
1057 3064 1160 3121 Praefe-

193 3150 294 3196 runtur
309 3139 400 3215 primo
414 3140 520 3216 agmini
535 3161 613 3198 arma
636 3143 761 3218 insignia
784 3137 912 3201 omnium
936 3143 972 3199 ab
986 3143 1086 3200 ultima
1105 3143 1160 3200 ori·

158 3218 262 3294 aegina
286 3217 468 3275 Macedonia
489 3238 608 3294 regum:
642 3221 747 3278 deinde
760 3240 810 3278 rex
831 3221 891 3296 ipse
912 3239 979 3278 cum
999 3221 1096 3279 liberis
1115 3240 1159 3278 se-

193 3295 306 3370 quitur:
327 3296 455 3371 proxima
468 3307 511 3354 est
524 3298 604 3373 regia
616 3299 718 3356 cohors
731 3300 920 3374 custodesque
934 3301 1075 3375 corporis:
1096 3318 1159 3374 pos·

193 3384 316 3432 tremum
332 3393 435 3450 agmen
452 3375 645 3432 Macedonum
663 3387 768 3434 caetera
782 3378 932 3436 multitudo
946 3379 1062 3436 claudit.
1104 3377 1159 3436 La·

194 3461 255 3508 tera
268 3453 345 3528 regis
363 3454 421 3510 duo
444 3452 494 3510 filii
513 3453 632 3528 juvenes
644 3455 810 3530 cingebant,
831 3457 953 3514 Perseus
970 3457 1029 3533 jam
1050 3457 1160 3514 tricesi-

193 3548 273 3588 mum
295 3550 403 3588 annum
425 3549 523 3606 agens,
538 3531 702 3590 Demetrius
715 3535 912 3610 quinquennio
933 3536 1041 3603 minor3
1063 3535 1159 3594 medio

159 3625 186 3665 to
192 3607 317 3682 juventu
331 3610 431 3666 roboro
445 3609 501 3680 ille,
516 3611 564 3668 hic
578 3610 664 3680 flore3
700 3611 833 3670 fortunati
845 3614 940 3688 -patris
954 3626 1065 3671 matura
1077 3613 1159 3671 sobo·

193 3685 246 3752 les,
274 3687 297 3742 si
320 3706 402 3745 mens
422 3706 492 3744 sana
516 3688 622 3746 fuisset.
677 3689 743 3748 Mos
773 3703 843 3759 erat,
875 3693 1047 3750 lustrationis
1077 3711 1179 3750 sacros

193 3775 320 3840 peracto,
334 3765 491 3824 exercitum
512 3766 674 3841 decurrere,
691 3780 724 3827 -et
737 3770 840 3828 divisas
854 3771 982 3830 bilariam
996 3772 1068 3829 duas
1080 3771 1159 3832 acies
