<?xml version="1.0" encoding="UTF-8"?>
<!DOCTYPE html PUBLIC "-//W3C//DTD XHTML 1.0 Transitional//EN"
    "http://www.w3.org/TR/xhtml1/DTD/xhtml1-transitional.dtd">
<html xmlns="http://www.w3.org/1999/xhtml" xml:lang="en" lang="en">
 <head>
  <title>
</title>
<meta http-equiv="Content-Type" content="text/html;charset=utf-8" />
  <meta name='ocr-system' content='tesseract 3.04.00' />
  <meta name='ocr-capabilities' content='ocr_page ocr_carea ocr_par ocr_line ocrx_word'/>
</head>
<body>
  <div class='ocr_page' id='page_1' title='image "./historiarumetse01livygoog_0172.png"; bbox 0 0 2630 4228; ppageno 0'>
   <div class='ocr_carea' id='block_1_1' title="bbox 514 371 1177 438">
    <p class='ocr_par' dir='ltr' id='par_1_1' title="bbox 514 371 1177 438">
     <span class='ocr_line' id='line_1_1' title="bbox 514 371 1177 438; baseline -0.009 -13"><span class='ocrx_word' id='word_1_1' title='bbox 514 373 617 425; x_wconf 80' lang='lat' dir='ltr'>LIBER</span> <span class='ocrx_word' id='word_1_2' title='bbox 635 371 681 424; x_wconf 79' lang='lat' dir='ltr'><strong>IX.</strong></span> <span class='ocrx_word' id='word_1_3' title='bbox 701 385 762 422; x_wconf 67' lang='lat' dir='ltr'><strong>css.</strong></span> <span class='ocrx_word' id='word_1_4' title='bbox 774 387 853 423; x_wconf 82' lang='lat' dir='ltr'><strong>xrur.</strong></span> <span class='ocrx_word' id='word_1_5' title='bbox 1120 373 1177 438; x_wconf 65' lang='grc' dir='ltr'><strong>ιω</strong></span> 
     </span>
    </p>
   </div>
   <div class='ocr_carea' id='block_1_2' title="bbox 180 513 1245 2933">
    <p class='ocr_par' dir='ltr' id='par_1_2' title="bbox 180 513 1245 2933">
     <span class='ocr_line' id='line_1_2' title="bbox 215 513 1177 591; baseline -0.003 -14"><span class='ocrx_word' id='word_1_6' title='bbox 215 513 250 577; x_wconf 76' lang='lat' dir='ltr'><strong>C.</strong></span> <span class='ocrx_word' id='word_1_7' title='bbox 266 516 407 575; x_wconf 88' lang='lat' dir='ltr'><strong>Marcium</strong></span> <span class='ocrx_word' id='word_1_8' title='bbox 424 513 565 588; x_wconf 81' lang='lat' dir='ltr'><strong>Rutilum,</strong></span> <span class='ocrx_word' id='word_1_9' title='bbox 590 517 624 572; x_wconf 89' lang='lat' dir='ltr'><strong>C.</strong></span> <span class='ocrx_word' id='word_1_10' title='bbox 641 515 810 590; x_wconf 75' lang='lat' dir='ltr'><strong>Sulpicium,-</strong></span> <span class='ocrx_word' id='word_1_11' title='bbox 830 515 867 572; x_wconf 78' lang='lat' dir='ltr'><strong>&#39;l&#39;.</strong></span> <span class='ocrx_word' id='word_1_12' title='bbox 884 515 1023 572; x_wconf 89' lang='lat' dir='ltr'><strong>Manlium</strong></span> <span class='ocrx_word' id='word_1_13' title='bbox 1049 516 1177 591; x_wconf 90' lang='lat' dir='ltr'><strong>Torqua·</strong></span> 
     </span>
     <span class='ocr_line' id='line_1_3' title="bbox 215 593 1177 667; baseline -0.001 -14"><span class='ocrx_word' id='word_1_14' title='bbox 215 607 285 665; x_wconf 73' lang='lat' dir='ltr'><strong>tum,</strong></span> <span class='ocrx_word' id='word_1_15' title='bbox 299 595 340 656; x_wconf 76' lang='lat' dir='ltr'><strong>Q.</strong></span> <span class='ocrx_word' id='word_1_16' title='bbox 356 593 507 651; x_wconf 87' lang='lat' dir='ltr'><strong>Publilium</strong></span> <span class='ocrx_word' id='word_1_17' title='bbox 518 594 676 659; x_wconf 85' lang='lat' dir='ltr'><strong>Philonem,</strong></span> <span class='ocrx_word' id='word_1_18' title='bbox 693 595 725 649; x_wconf 87' lang='lat' dir='ltr'><strong>L.</strong></span> <span class='ocrx_word' id='word_1_19' title='bbox 742 594 884 667; x_wconf 87' lang='lat' dir='ltr'><strong>Papirium</strong></span> <span class='ocrx_word' id='word_1_20' title='bbox 896 595 1058 659; x_wconf 86' lang='lat' dir='ltr'><strong>Cursorem,</strong></span> <span class='ocrx_word' id='word_1_21' title='bbox 1069 594 1110 654; x_wconf 79' lang='lat' dir='ltr'><strong>Q.</strong></span> <span class='ocrx_word' id='word_1_22' title='bbox 1123 595 1177 652; x_wconf 84' lang='lat' dir='ltr'><strong>Fa-</strong></span> 
     </span>
     <span class='ocr_line' id='line_1_4' title="bbox 215 671 1178 760; baseline -0.001 -30"><span class='ocrx_word' id='word_1_23' title='bbox 215 675 294 730; x_wconf 89' lang='lat' dir='ltr'><strong>bium</strong></span> <span class='ocrx_word' id='word_1_24' title='bbox 309 674 476 740; x_wconf 82' lang='lat' dir='ltr'><strong>Maximum,</strong></span> <span class='ocrx_word' id='word_1_25' title='bbox 490 674 561 727; x_wconf 90' lang='lat' dir='ltr'><strong>duos</strong></span> <span class='ocrx_word' id='word_1_26' title='bbox 577 672 690 740; x_wconf 74' lang='lat' dir='ltr'><strong>DecioS,</strong></span> <span class='ocrx_word' id='word_1_27' title='bbox 705 672 737 726; x_wconf 95' lang='lat' dir='ltr'><strong>L.</strong></span> <span class='ocrx_word' id='word_1_28' title='bbox 755 671 949 760; x_wconf 86' lang='lat' dir='ltr'><strong>Volumnium,</strong></span> <span class='ocrx_word' id='word_1_29' title='bbox 973 673 1103 728; x_wconf 87' lang='lat' dir='ltr'><strong>Manium</strong></span> <span class='ocrx_word' id='word_1_30' title='bbox 1119 673 1178 729; x_wconf 83' lang='lat' dir='ltr'><strong>Cu-</strong></span> 
     </span>
     <span class='ocr_line' id='line_1_5' title="bbox 214 750 1178 838; baseline -0.001 -30"><span class='ocrx_word' id='word_1_31' title='bbox 214 753 296 824; x_wconf 86' lang='lat' dir='ltr'><strong>rium</strong></span> <span class='ocrx_word' id='word_1_32' title='bbox 339 751 484 825; x_wconf 82' lang='lat' dir='ltr'><strong>Deinceps</strong></span> <span class='ocrx_word' id='word_1_33' title='bbox 506 751 637 826; x_wconf 83' lang='lat' dir='ltr'><strong>ingentes</strong></span> <span class='ocrx_word' id='word_1_34' title='bbox 658 761 815 838; x_wconf 80' lang='lat' dir='ltr'><strong>sequuntur</strong></span> <span class='ocrx_word' id='word_1_35' title='bbox 840 750 899 815; x_wconf 86' lang='lat' dir='ltr'><strong>riri,</strong></span> <span class='ocrx_word' id='word_1_36' title='bbox 923 751 946 805; x_wconf 92' lang='lat' dir='ltr'><strong>si</strong></span> <span class='ocrx_word' id='word_1_37' title='bbox 963 751 1101 806; x_wconf 86' lang='lat' dir='ltr'><strong>Punicum</strong></span> <span class='ocrx_word' id='word_1_38' title='bbox 1118 751 1178 806; x_wconf 88' lang='lat' dir='ltr'><strong>Ro-</strong></span> 
     </span>
     <span class='ocr_line' id='line_1_6' title="bbox 193 825 1176 920; baseline -0.001 -34"><span class='ocrx_word' id='word_1_39' title='bbox 193 848 300 888; x_wconf 74' lang='lat' dir='ltr'><strong>emano</strong></span> <span class='ocrx_word' id='word_1_40' title='bbox 313 830 526 920; x_wconf 67' lang='lat' dir='ltr'><strong>praevertisset</strong></span> <span class='ocrx_word' id='word_1_41' title='bbox 521 829 634 896; x_wconf 90' lang='lat' dir='ltr'><strong>bellum,</strong></span> <span class='ocrx_word' id='word_1_42' title='bbox 657 827 807 901; x_wconf 78' lang='lat' dir='ltr'><strong>seniorque</strong></span> <span class='ocrx_word' id='word_1_43' title='bbox 824 827 860 883; x_wconf 95' lang='lat' dir='ltr'><strong>in</strong></span> <span class='ocrx_word' id='word_1_44' title='bbox 885 825 995 904; x_wconf 85' lang='lat' dir='ltr'><strong>ltaliam</strong></span> <span class='ocrx_word' id='word_1_45' title='bbox 1011 827 1176 902; x_wconf 85' lang='lat' dir='ltr'><strong>trajecisset.</strong></span> 
     </span>
     <span class='ocr_line' id='line_1_7' title="bbox 216 873 1178 996; baseline 0 -33"><span class='ocrx_word' id='word_1_46' title='bbox 216 908 355 964; x_wconf 90' lang='lat' dir='ltr'><strong>Horum</strong></span> <span class='ocrx_word' id='word_1_47' title='bbox 348 927 377 964; x_wconf 93' lang='lat' dir='ltr'><strong>m</strong></span> <span class='ocrx_word' id='word_1_48' title='bbox 398 899 526 996; x_wconf 86' lang='lat' dir='ltr'><strong>quolibet</strong></span> <span class='ocrx_word' id='word_1_49' title='bbox 537 917 596 961; x_wconf 89' lang='lat' dir='ltr'><strong>tum</strong></span> <span class='ocrx_word' id='word_1_50' title='bbox 611 873 722 960; x_wconf 86' lang='lat' dir='ltr'><strong>indoles</strong></span> <span class='ocrx_word' id='word_1_51' title='bbox 741 906 851 974; x_wconf 85' lang='lat' dir='ltr'><strong>eadem,</strong></span> <span class='ocrx_word' id='word_1_52' title='bbox 877 924 940 980; x_wconf 72' lang='lat' dir='ltr'><strong>quae</strong></span> <span class='ocrx_word' id='word_1_53' title='bbox 965 906 994 962; x_wconf 93' lang='lat' dir='ltr'><strong>in</strong></span> <span class='ocrx_word' id='word_1_54' title='bbox 1012 903 1178 964; x_wconf 83' lang='lat' dir='ltr'><strong>Alexandro</strong></span> 
     </span>
     <span class='ocr_line' id='line_1_8' title="bbox 215 983 1245 1072; baseline 0 -31"><span class='ocrx_word' id='word_1_55' title='bbox 215 984 585 1059; x_wconf 84' lang='lat' dir='ltr'><strong>erat,animlingeniique;</strong></span> <span class='ocrx_word' id='word_1_56' title='bbox 619 993 680 1038; x_wconf 93' lang='lat' dir='ltr'><strong>tum</strong></span> <span class='ocrx_word' id='word_1_57' title='bbox 702 983 868 1072; x_wconf 82' lang='lat' dir='ltr'><strong>disciplina</strong></span> <span class='ocrx_word' id='word_1_58' title='bbox 878 984 1047 1050; x_wconf 84' lang='lat' dir='ltr'><strong>militaris,</strong></span> <span class='ocrx_word' id='word_1_59' title='bbox 1038 985 1178 1058; x_wconf 80' lang='lat' dir='ltr'><strong>Jaminde</strong></span> <span class='ocrx_word' id='word_1_60' title='bbox 1244 989 1245 992; x_wconf 74' lang='grc'>’</span> 
     </span>
     <span class='ocr_line' id='line_1_9' title="bbox 215 1061 1179 1152; baseline 0 -34"><span class='ocrx_word' id='word_1_61' title='bbox 215 1063 272 1119; x_wconf 84' lang='lat' dir='ltr'><strong>ab</strong></span> <span class='ocrx_word' id='word_1_62' title='bbox 267 1064 353 1119; x_wconf 89' lang='lat' dir='ltr'><strong>mitiis</strong></span> <span class='ocrx_word' id='word_1_63' title='bbox 367 1063 452 1120; x_wconf 81' lang='lat' dir='ltr'><strong>Urbis</strong></span> <span class='ocrx_word' id='word_1_64' title='bbox 465 1063 566 1118; x_wconf 88' lang='lat' dir='ltr'><strong>tradita</strong></span> <span class='ocrx_word' id='word_1_65' title='bbox 581 1080 631 1135; x_wconf 90' lang='lat' dir='ltr'><strong>per</strong></span> <span class='ocrx_word' id='word_1_66' title='bbox 645 1079 755 1126; x_wconf 90' lang='lat' dir='ltr'><strong>manus,</strong></span> <span class='ocrx_word' id='word_1_67' title='bbox 772 1061 800 1117; x_wconf 93' lang='lat' dir='ltr'><strong>in</strong></span> <span class='ocrx_word' id='word_1_68' title='bbox 818 1061 885 1117; x_wconf 87' lang='lat' dir='ltr'><strong>artis</strong></span> <span class='ocrx_word' id='word_1_69' title='bbox 899 1062 1042 1136; x_wconf 86' lang='lat' dir='ltr'><strong>perpetuis</strong></span> <span class='ocrx_word' id='word_1_70' title='bbox 1056 1081 1179 1152; x_wconf 75' lang='lat' dir='ltr'><strong>precep-</strong></span> 
     </span>
     <span class='ocr_line' id='line_1_10' title="bbox 215 1135 1179 1214; baseline -0.001 -16"><span class='ocrx_word' id='word_1_71' title='bbox 215 1142 400 1201; x_wconf 85' lang='lat' dir='ltr'><strong>tisordinatae</strong></span> <span class='ocrx_word' id='word_1_72' title='bbox 414 1135 530 1198; x_wconf 86' lang='lat' dir='ltr'><strong>modum</strong></span> <span class='ocrx_word' id='word_1_73' title='bbox 547 1148 672 1195; x_wconf 88' lang='lat' dir='ltr'><strong>venerat.</strong></span> <span class='ocrx_word' id='word_1_74' title='bbox 702 1139 757 1194; x_wconf 92' lang='lat' dir='ltr'><strong>Ita</strong></span> <span class='ocrx_word' id='word_1_75' title='bbox 771 1159 852 1214; x_wconf 90' lang='lat' dir='ltr'><strong>reges</strong></span> <span class='ocrx_word' id='word_1_76' title='bbox 866 1151 1013 1214; x_wconf 81' lang='lat' dir='ltr'><strong>gesserant</strong></span> <span class='ocrx_word' id='word_1_77' title='bbox 1027 1141 1118 1208; x_wconf 84' lang='lat' dir='ltr'><strong>bella3</strong></span> <span class='ocrx_word' id='word_1_78' title='bbox 1141 1141 1179 1198; x_wconf 83' lang='lat' dir='ltr'><strong>ita</strong></span> 
     </span>
     <span class='ocr_line' id='line_1_11' title="bbox 184 1217 1181 1306; baseline -0.001 -30"><span class='ocrx_word' id='word_1_79' title='bbox 184 1237 207 1276; x_wconf 89' lang='grc' dir='ltr'><strong>ιο</strong></span> <span class='ocrx_word' id='word_1_80' title='bbox 216 1220 319 1276; x_wconf 91' lang='lat' dir='ltr'><strong>demde</strong></span> <span class='ocrx_word' id='word_1_81' title='bbox 340 1231 489 1300; x_wconf 81' lang='lat' dir='ltr'><strong>exactores</strong></span> <span class='ocrx_word' id='word_1_82' title='bbox 504 1235 602 1292; x_wconf 82' lang='lat' dir='ltr'><strong>regum</strong></span> <span class='ocrx_word' id='word_1_83' title='bbox 617 1217 697 1272; x_wconf 84' lang='lat' dir='ltr'><strong>lunii</strong></span> <span class='ocrx_word' id='word_1_84' title='bbox 711 1217 894 1291; x_wconf 86' lang='lat' dir='ltr'><strong>Valeriique;</strong></span> <span class='ocrx_word' id='word_1_85' title='bbox 923 1219 962 1273; x_wconf 88' lang='lat' dir='ltr'><strong>ita</strong></span> <span class='ocrx_word' id='word_1_86' title='bbox 976 1219 1113 1306; x_wconf 84' lang='lat' dir='ltr'><strong>deinceps</strong></span> <span class='ocrx_word' id='word_1_87' title='bbox 1126 1219 1181 1275; x_wconf 86' lang='lat' dir='ltr'><strong>Fa-</strong></span> 
     </span>
     <span class='ocr_line' id='line_1_12' title="bbox 218 1285 1180 1372; baseline 0.001 -20"><span class='ocrx_word' id='word_1_88' title='bbox 218 1298 266 1364; x_wconf 91' lang='lat' dir='ltr'><strong>bn,</strong></span> <span class='ocrx_word' id='word_1_89' title='bbox 280 1285 404 1368; x_wconf 77' lang='lat' dir='ltr'><strong>Quintil</strong></span> <span class='ocrx_word' id='word_1_90' title='bbox 427 1293 572 1364; x_wconf 87' lang='lat' dir='ltr'><strong>Cornelii;</strong></span> <span class='ocrx_word' id='word_1_91' title='bbox 608 1295 646 1350; x_wconf 82' lang='lat' dir='ltr'><strong>ita</strong></span> <span class='ocrx_word' id='word_1_92' title='bbox 668 1295 771 1351; x_wconf 84' lang='lat' dir='ltr'><strong>lunns</strong></span> <span class='ocrx_word' id='word_1_93' title='bbox 786 1295 932 1366; x_wconf 82' lang='lat' dir='ltr'><strong>Camillus</strong></span> <span class='ocrx_word' id='word_1_94' title='bbox 957 1315 1039 1370; x_wconf 90' lang='lat' dir='ltr'><strong>quem</strong></span> <span class='ocrx_word' id='word_1_95' title='bbox 1059 1297 1180 1372; x_wconf 84' lang='lat' dir='ltr'><strong>juvenes</strong></span> 
     </span>
     <span class='ocr_line' id='line_1_13' title="bbox 216 1339 1179 1452; baseline 0.001 -21"><span class='ocrx_word' id='word_1_96' title='bbox 216 1375 246 1446; x_wconf 91' lang='lat' dir='ltr'><strong>ii,</strong></span> <span class='ocrx_word' id='word_1_97' title='bbox 260 1377 428 1452; x_wconf 87' lang='lat' dir='ltr'><strong>quibuscum</strong></span> <span class='ocrx_word' id='word_1_98' title='bbox 445 1339 609 1444; x_wconf 80' lang='lat' dir='ltr'><strong>Alexandro</strong></span> <span class='ocrx_word' id='word_1_99' title='bbox 623 1374 818 1429; x_wconf 90' lang='lat' dir='ltr'><strong>dimicandum</strong></span> <span class='ocrx_word' id='word_1_100' title='bbox 841 1384 910 1439; x_wconf 88' lang='lat' dir='ltr'><strong>erat,</strong></span> <span class='ocrx_word' id='word_1_101' title='bbox 929 1393 1027 1430; x_wconf 89' lang='lat' dir='ltr'><strong>senem</strong></span> <span class='ocrx_word' id='word_1_102' title='bbox 1044 1376 1179 1432; x_wconf 88' lang='lat' dir='ltr'><strong>viderant.</strong></span> 
     </span>
     <span class='ocr_line' id='line_1_14' title="bbox 216 1451 1180 1528; baseline 0.001 -18"><span class='ocrx_word' id='word_1_103' title='bbox 216 1453 352 1510; x_wconf 82' lang='lat' dir='ltr'><strong>lllilitaria</strong></span> <span class='ocrx_word' id='word_1_104' title='bbox 364 1473 450 1528; x_wconf 88' lang='lat' dir='ltr'><strong>opera</strong></span> <span class='ocrx_word' id='word_1_105' title='bbox 464 1453 617 1528; x_wconf 85' lang='lat' dir='ltr'><strong>pugnando</strong></span> <span class='ocrx_word' id='word_1_106' title='bbox 640 1451 757 1508; x_wconf 92' lang='lat' dir='ltr'><strong>obeunti</strong></span> <span class='ocrx_word' id='word_1_107' title='bbox 780 1452 945 1508; x_wconf 84' lang='lat' dir='ltr'><strong>Alexandro</strong></span> <span class='ocrx_word' id='word_1_108' title='bbox 970 1452 1049 1527; x_wconf 85' lang='lat' dir='ltr'><strong>(nam</strong></span> <span class='ocrx_word' id='word_1_109' title='bbox 1064 1473 1098 1509; x_wconf 90' lang='lat' dir='ltr'><strong>ea</strong></span> <span class='ocrx_word' id='word_1_110' title='bbox 1112 1473 1180 1528; x_wconf 92' lang='lat' dir='ltr'><strong>quo-</strong></span> 
     </span>
     <span class='ocr_line' id='line_1_15' title="bbox 215 1530 1179 1607; baseline 0 -19"><span class='ocrx_word' id='word_1_111' title='bbox 215 1551 269 1606; x_wconf 87' lang='lat' dir='ltr'><strong>que</strong></span> <span class='ocrx_word' id='word_1_112' title='bbox 284 1533 359 1588; x_wconf 86' lang='lat' dir='ltr'><strong>baud</strong></span> <span class='ocrx_word' id='word_1_113' title='bbox 375 1532 473 1588; x_wconf 77' lang='lat' dir='ltr'><strong>minus</strong></span> <span class='ocrx_word' id='word_1_114' title='bbox 493 1532 601 1586; x_wconf 89' lang='lat' dir='ltr'><strong>clarum</strong></span> <span class='ocrx_word' id='word_1_115' title='bbox 623 1549 689 1586; x_wconf 92' lang='lat' dir='ltr'><strong>enm</strong></span> <span class='ocrx_word' id='word_1_116' title='bbox 705 1530 826 1607; x_wconf 85' lang='lat' dir='ltr'><strong>faciunt)</strong></span> <span class='ocrx_word' id='word_1_117' title='bbox 842 1531 974 1586; x_wconf 82' lang='lat' dir='ltr'><strong>cessisset</strong></span> <span class='ocrx_word' id='word_1_118' title='bbox 997 1532 1128 1588; x_wconf 86' lang='lat' dir='ltr'><strong>videlicet</strong></span> <span class='ocrx_word' id='word_1_119' title='bbox 1149 1533 1179 1588; x_wconf 93' lang='lat' dir='ltr'><strong>in</strong></span> 
     </span>
     <span class='ocr_line' id='line_1_16' title="bbox 183 1609 1178 1684; baseline 0 -18"><span class='ocrx_word' id='word_1_120' title='bbox 183 1611 277 1667; x_wconf 78' lang='lat' dir='ltr'><strong>isacie</strong></span> <span class='ocrx_word' id='word_1_121' title='bbox 291 1611 401 1667; x_wconf 91' lang='lat' dir='ltr'><strong>oblatus</strong></span> <span class='ocrx_word' id='word_1_122' title='bbox 422 1629 471 1684; x_wconf 84' lang='lat' dir='ltr'><strong>par</strong></span> <span class='ocrx_word' id='word_1_123' title='bbox 493 1609 620 1665; x_wconf 89' lang='lat' dir='ltr'><strong>Manlius</strong></span> <span class='ocrx_word' id='word_1_124' title='bbox 641 1609 813 1682; x_wconf 84' lang='lat' dir='ltr'><strong>Torquatus,</strong></span> <span class='ocrx_word' id='word_1_125' title='bbox 836 1619 884 1664; x_wconf 89' lang='lat' dir='ltr'><strong>aut</strong></span> <span class='ocrx_word' id='word_1_126' title='bbox 907 1609 1037 1665; x_wconf 84' lang='lat' dir='ltr'><strong>Valerius</strong></span> <span class='ocrx_word' id='word_1_127' title='bbox 1058 1609 1178 1678; x_wconf 87' lang='lat' dir='ltr'><strong>Corvus,</strong></span> 
     </span>
     <span class='ocr_line' id='line_1_17' title="bbox 215 1685 1180 1763; baseline 0.001 -19"><span class='ocrx_word' id='word_1_128' title='bbox 215 1689 343 1763; x_wconf 81' lang='lat' dir='ltr'><strong>insignes</strong></span> <span class='ocrx_word' id='word_1_129' title='bbox 356 1689 425 1744; x_wconf 71' lang='lat' dir='ltr'><strong>ante</strong></span> <span class='ocrx_word' id='word_1_130' title='bbox 436 1685 549 1753; x_wconf 82' lang='lat' dir='ltr'><strong>milites,</strong></span> <span class='ocrx_word' id='word_1_131' title='bbox 565 1690 651 1760; x_wconf 77' lang='lat' dir='ltr'><strong>quam</strong></span> <span class='ocrx_word' id='word_1_132' title='bbox 667 1688 779 1742; x_wconf 82' lang='lat' dir='ltr'><strong>duoesl</strong></span> <span class='ocrx_word' id='word_1_133' title='bbox 802 1687 1056 1754; x_wconf 86' lang='lat' dir='ltr'><strong>cessissentDecii,</strong></span> <span class='ocrx_word' id='word_1_134' title='bbox 1072 1687 1180 1746; x_wconf 89' lang='lat' dir='ltr'><strong>devotis</strong></span> 
     </span>
     <span class='ocr_line' id='line_1_18' title="bbox 215 1764 1179 1840; baseline 0 -17"><span class='ocrx_word' id='word_1_135' title='bbox 215 1766 380 1840; x_wconf 84' lang='lat' dir='ltr'><strong>corporibus</strong></span> <span class='ocrx_word' id='word_1_136' title='bbox 401 1767 429 1822; x_wconf 91' lang='lat' dir='ltr'><strong>in</strong></span> <span class='ocrx_word' id='word_1_137' title='bbox 452 1767 559 1822; x_wconf 89' lang='lat' dir='ltr'><strong>hostem</strong></span> <span class='ocrx_word' id='word_1_138' title='bbox 588 1766 725 1824; x_wconf 87' lang='lat' dir='ltr'><strong>ruentesl</strong></span> <span class='ocrx_word' id='word_1_139' title='bbox 758 1764 890 1820; x_wconf 84' lang='lat' dir='ltr'><strong>cessisset</strong></span> <span class='ocrx_word' id='word_1_140' title='bbox 912 1765 1040 1839; x_wconf 87' lang='lat' dir='ltr'><strong>Papirius</strong></span> <span class='ocrx_word' id='word_1_141' title='bbox 1061 1767 1179 1834; x_wconf 87' lang='lat' dir='ltr'><strong>Cursor,</strong></span> 
     </span>
     <span class='ocr_line' id='line_1_19' title="bbox 215 1840 1180 1919; baseline 0.002 -19"><span class='ocrx_word' id='word_1_142' title='bbox 215 1840 263 1900; x_wconf 89' lang='lat' dir='ltr'><strong>illo</strong></span> <span class='ocrx_word' id='word_1_143' title='bbox 278 1845 401 1918; x_wconf 89' lang='lat' dir='ltr'><strong>corporis</strong></span> <span class='ocrx_word' id='word_1_144' title='bbox 416 1845 524 1909; x_wconf 83' lang='lat' dir='ltr'><strong>robore,</strong></span> <span class='ocrx_word' id='word_1_145' title='bbox 541 1843 588 1916; x_wconf 86' lang='lat' dir='ltr'><strong>illo</strong></span> <span class='ocrx_word' id='word_1_146' title='bbox 602 1843 712 1898; x_wconf 79' lang='lat' dir='ltr'><strong>animil</strong></span> <span class='ocrx_word' id='word_1_147' title='bbox 734 1843 827 1898; x_wconf 91' lang='lat' dir='ltr'><strong>victus</strong></span> <span class='ocrx_word' id='word_1_148' title='bbox 840 1854 914 1898; x_wconf 90' lang='lat' dir='ltr'><strong>esset</strong></span> <span class='ocrx_word' id='word_1_149' title='bbox 928 1844 1056 1900; x_wconf 90' lang='lat' dir='ltr'><strong>consiliis</strong></span> <span class='ocrx_word' id='word_1_150' title='bbox 1067 1845 1180 1919; x_wconf 86' lang='lat' dir='ltr'><strong>juvenis</strong></span> 
     </span>
     <span class='ocr_line' id='line_1_20' title="bbox 216 1920 1181 1998; baseline 0.002 -20"><span class='ocrx_word' id='word_1_151' title='bbox 216 1923 311 1993; x_wconf 89' lang='lat' dir='ltr'><strong>unius,</strong></span> <span class='ocrx_word' id='word_1_152' title='bbox 326 1941 361 1978; x_wconf 91' lang='lat' dir='ltr'><strong>ne</strong></span> <span class='ocrx_word' id='word_1_153' title='bbox 376 1923 502 1998; x_wconf 87' lang='lat' dir='ltr'><strong>singulos</strong></span> <span class='ocrx_word' id='word_1_154' title='bbox 517 1921 672 1987; x_wconf 86' lang='lat' dir='ltr'><strong>nominem,</strong></span> <span class='ocrx_word' id='word_1_155' title='bbox 697 1931 812 1976; x_wconf 85' lang='lat' dir='ltr'><strong>senatus</strong></span> <span class='ocrx_word' id='word_1_156' title='bbox 827 1920 881 1989; x_wconf 91' lang='lat' dir='ltr'><strong>ille,</strong></span> <span class='ocrx_word' id='word_1_157' title='bbox 896 1941 980 1994; x_wconf 88' lang='lat' dir='ltr'><strong>quem</strong></span> <span class='ocrx_word' id='word_1_158' title='bbox 994 1923 1043 1995; x_wconf 87' lang='lat' dir='ltr'><strong>qui</strong></span> <span class='ocrx_word' id='word_1_159' title='bbox 1057 1941 1092 1978; x_wconf 89' lang='lat' dir='ltr'><strong>ex</strong></span> <span class='ocrx_word' id='word_1_160' title='bbox 1106 1923 1181 1998; x_wconf 88' lang='lat' dir='ltr'><strong>regi·</strong></span> 
     </span>
     <span class='ocr_line' id='line_1_21' title="bbox 180 1999 1180 2079; baseline 0.001 -22"><span class='ocrx_word' id='word_1_161' title='bbox 180 2001 269 2057; x_wconf 71' lang='lat' dir='ltr'><strong>bobus</strong></span> <span class='ocrx_word' id='word_1_162' title='bbox 289 2011 419 2057; x_wconf 83' lang='lat' dir='ltr'><strong>constare</strong></span> <span class='ocrx_word' id='word_1_163' title='bbox 447 2001 528 2066; x_wconf 78' lang='lat' dir='ltr'><strong>dixit,</strong></span> <span class='ocrx_word' id='word_1_164' title='bbox 551 2013 751 2055; x_wconf 85' lang='lat' dir='ltr'><strong>unus-veram·</strong></span> <span class='ocrx_word' id='word_1_165' title='bbox 767 2000 892 2079; x_wconf 85' lang='lat' dir='ltr'><strong>speciem</strong></span> <span class='ocrx_word' id='word_1_166' title='bbox 917 1999 1044 2056; x_wconf 88' lang='lat' dir='ltr'><strong>Romani</strong></span> <span class='ocrx_word' id='word_1_167' title='bbox 1066 2004 1180 2058; x_wconf 83' lang='lat' dir='ltr'><strong>senatbs</strong></span> 
     </span>
     <span class='ocr_line' id='line_1_22' title="bbox 214 2073 1181 2166; baseline 0.002 -32"><span class='ocrx_word' id='word_1_168' title='bbox 214 2079 314 2154; x_wconf 79' lang='lat' dir='ltr'><strong>cepitl</strong></span> <span class='ocrx_word' id='word_1_169' title='bbox 357 2079 391 2134; x_wconf 93' lang='lat' dir='ltr'><strong>ld</strong></span> <span class='ocrx_word' id='word_1_170' title='bbox 406 2077 471 2134; x_wconf 83' lang='lat' dir='ltr'><strong>verb</strong></span> <span class='ocrx_word' id='word_1_171' title='bbox 496 2089 556 2134; x_wconf 89' lang='lat' dir='ltr'><strong>erat</strong></span> <span class='ocrx_word' id='word_1_172' title='bbox 570 2077 738 2166; x_wconf 81' lang='lat' dir='ltr'><strong>periculum,</strong></span> <span class='ocrx_word' id='word_1_173' title='bbox 754 2097 790 2132; x_wconf 91' lang='lat' dir='ltr'><strong>ne</strong></span> <span class='ocrx_word' id='word_1_174' title='bbox 805 2073 952 2144; x_wconf 85' lang='lat' dir='ltr'><strong>sollertids,</strong></span> <span class='ocrx_word' id='word_1_175' title='bbox 967 2075 1051 2150; x_wconf 73' lang='lat' dir='ltr'><strong>quam</strong></span> <span class='ocrx_word' id='word_1_176' title='bbox 1062 2079 1181 2152; x_wconf 84' lang='lat' dir='ltr'><strong>quilibet</strong></span> 
     </span>
     <span class='ocr_line' id='line_1_23' title="bbox 215 2155 1180 2230; baseline 0.002 -18"><span class='ocrx_word' id='word_1_177' title='bbox 215 2175 290 2212; x_wconf 88' lang='lat' dir='ltr'><strong>unus</strong></span> <span class='ocrx_word' id='word_1_178' title='bbox 303 2175 339 2212; x_wconf 89' lang='lat' dir='ltr'><strong>ex</strong></span> <span class='ocrx_word' id='word_1_179' title='bbox 354 2157 397 2221; x_wconf 85' lang='lat' dir='ltr'><strong>iis,</strong></span> <span class='ocrx_word' id='word_1_180' title='bbox 419 2175 489 2229; x_wconf 90' lang='lat' dir='ltr'><strong>quos</strong></span> <span class='ocrx_word' id='word_1_181' title='bbox 510 2155 661 2224; x_wconf 90' lang='lat' dir='ltr'><strong>nominavi,</strong></span> <span class='ocrx_word' id='word_1_182' title='bbox 677 2156 777 2212; x_wconf 89' lang='lat' dir='ltr'><strong>castris</strong></span> <span class='ocrx_word' id='word_1_183' title='bbox 791 2155 884 2212; x_wconf 90' lang='lat' dir='ltr'><strong>locum</strong></span> <span class='ocrx_word' id='word_1_184' title='bbox 899 2167 1023 2230; x_wconf 86' lang='lat' dir='ltr'><strong>caperet,</strong></span> <span class='ocrx_word' id='word_1_185' title='bbox 1038 2175 1180 2214; x_wconf 89' lang='lat' dir='ltr'><strong>commea-</strong></span> 
     </span>
     <span class='ocr_line' id='line_1_24' title="bbox 215 2227 1181 2324; baseline 0.004 -34"><span class='ocrx_word' id='word_1_186' title='bbox 215 2245 262 2290; x_wconf 93' lang='lat' dir='ltr'><strong>tus</strong></span> <span class='ocrx_word' id='word_1_187' title='bbox 275 2227 431 2324; x_wconf 82' lang='lat' dir='ltr'><strong>expediret,</strong></span> <span class='ocrx_word' id='word_1_188' title='bbox 447 2235 487 2290; x_wconf 89' lang='lat' dir='ltr'><strong>ab</strong></span> <span class='ocrx_word' id='word_1_189' title='bbox 497 2234 608 2309; x_wconf 88' lang='lat' dir='ltr'><strong>insidiis</strong></span> <span class='ocrx_word' id='word_1_190' title='bbox 628 2246 809 2308; x_wconf 75' lang='lat' dir='ltr'><strong>praecaveret,</strong></span> <span class='ocrx_word' id='word_1_191' title='bbox 832 2244 943 2308; x_wconf 88' lang='lat' dir='ltr'><strong>tempus</strong></span> <span class='ocrx_word' id='word_1_192' title='bbox 957 2253 1059 2310; x_wconf 74' lang='lat' dir='ltr'><strong>pugnae</strong></span> <span class='ocrx_word' id='word_1_193' title='bbox 1074 2235 1181 2311; x_wconf 86' lang='lat' dir='ltr'><strong>delige·</strong></span> 
     </span>
     <span class='ocr_line' id='line_1_25' title="bbox 215 2311 1180 2384; baseline 0.003 -16"><span class='ocrx_word' id='word_1_194' title='bbox 215 2323 268 2384; x_wconf 86' lang='lat' dir='ltr'><strong>ret,</strong></span> <span class='ocrx_word' id='word_1_195' title='bbox 283 2331 373 2368; x_wconf 88' lang='lat' dir='ltr'><strong>acrem</strong></span> <span class='ocrx_word' id='word_1_196' title='bbox 388 2312 548 2378; x_wconf 80' lang='lat' dir='ltr'><strong>instrueret</strong></span> <span class='ocrx_word' id='word_1_197' title='bbox 574 2311 708 2368; x_wconf 87' lang='lat' dir='ltr'><strong>subsidiis</strong></span> <span class='ocrx_word' id='word_1_198' title='bbox 728 2312 883 2370; x_wconf 86' lang='lat' dir='ltr'><strong>firmaretl</strong></span> <span class='ocrx_word' id='word_1_199' title='bbox 914 2312 981 2369; x_wconf 94' lang='lat' dir='ltr'><strong>Non</strong></span> <span class='ocrx_word' id='word_1_200' title='bbox 1003 2332 1069 2369; x_wconf 92' lang='lat' dir='ltr'><strong>cum</strong></span> <span class='ocrx_word' id='word_1_201' title='bbox 1091 2313 1180 2372; x_wconf 89' lang='lat' dir='ltr'><strong>Dario</strong></span> 
     </span>
     <span class='ocr_line' id='line_1_26' title="bbox 180 2391 1179 2468; baseline 0.004 -22"><span class='ocrx_word' id='word_1_202' title='bbox 180 2407 274 2446; x_wconf 74' lang='lat' dir='ltr'><strong>esrem</strong></span> <span class='ocrx_word' id='word_1_203' title='bbox 295 2409 358 2446; x_wconf 85' lang='lat' dir='ltr'><strong>esse</strong></span> <span class='ocrx_word' id='word_1_204' title='bbox 379 2391 515 2446; x_wconf 78' lang='lat' dir='ltr'><strong>dixisset:</strong></span> <span class='ocrx_word' id='word_1_205' title='bbox 549 2409 642 2464; x_wconf 89' lang='lat' dir='ltr'><strong>quem,</strong></span> <span class='ocrx_word' id='word_1_206' title='bbox 669 2391 818 2447; x_wconf 85' lang='lat' dir='ltr'><strong>mulierum</strong></span> <span class='ocrx_word' id='word_1_207' title='bbox 841 2409 875 2446; x_wconf 86' lang='lat' dir='ltr'><strong>ac</strong></span> <span class='ocrx_word' id='word_1_208' title='bbox 896 2392 1053 2465; x_wconf 86' lang='lat' dir='ltr'><strong>spadonum</strong></span> <span class='ocrx_word' id='word_1_209' title='bbox 1076 2411 1179 2468; x_wconf 83' lang='lat' dir='ltr'><strong>agmen</strong></span> 
     </span>
     <span class='ocr_line' id='line_1_27' title="bbox 215 2470 1179 2544; baseline 0.004 -20"><span class='ocrx_word' id='word_1_210' title='bbox 215 2470 383 2535; x_wconf 80' lang='lat' dir='ltr'><strong>trahentem,</strong></span> <span class='ocrx_word' id='word_1_211' title='bbox 400 2470 473 2526; x_wconf 88' lang='lat' dir='ltr'><strong>inter</strong></span> <span class='ocrx_word' id='word_1_212' title='bbox 487 2487 638 2544; x_wconf 88' lang='lat' dir='ltr'><strong>purpuram</strong></span> <span class='ocrx_word' id='word_1_213' title='bbox 663 2473 747 2542; x_wconf 84' lang='lat' dir='ltr'><strong>atqbe</strong></span> <span class='ocrx_word' id='word_1_214' title='bbox 769 2487 879 2540; x_wconf 89' lang='lat' dir='ltr'><strong>aurum,</strong></span> <span class='ocrx_word' id='word_1_215' title='bbox 897 2481 1044 2526; x_wconf 88' lang='lat' dir='ltr'><strong>oneratum</strong></span> <span class='ocrx_word' id='word_1_216' title='bbox 1060 2471 1179 2528; x_wconf 83' lang='lat' dir='ltr'><strong>sortunae</strong></span> 
     </span>
     <span class='ocr_line' id='line_1_28' title="bbox 215 2545 1180 2624; baseline 0.003 -22"><span class='ocrx_word' id='word_1_217' title='bbox 215 2548 395 2620; x_wconf 83' lang='lat' dir='ltr'><strong>apparatibus</strong></span> <span class='ocrx_word' id='word_1_218' title='bbox 408 2565 466 2603; x_wconf 78' lang='lat' dir='ltr'><strong>suae</strong></span> <span class='ocrx_word' id='word_1_219' title='bbox 483 2545 620 2622; x_wconf 75' lang='lat' dir='ltr'><strong>(praedam</strong></span> <span class='ocrx_word' id='word_1_220' title='bbox 637 2545 737 2613; x_wconf 82' lang='lat' dir='ltr'><strong>veritis,</strong></span> <span class='ocrx_word' id='word_1_221' title='bbox 753 2548 837 2620; x_wconf 73' lang='lat' dir='ltr'><strong>quam</strong></span> <span class='ocrx_word' id='word_1_222' title='bbox 853 2549 987 2624; x_wconf 89' lang='lat' dir='ltr'><strong>hostem),</strong></span> <span class='ocrx_word' id='word_1_223' title='bbox 1010 2549 1079 2604; x_wconf 90' lang='lat' dir='ltr'><strong>nibil</strong></span> <span class='ocrx_word' id='word_1_224' title='bbox 1103 2550 1180 2606; x_wconf 91' lang='lat' dir='ltr'><strong>aliud</strong></span> 
     </span>
     <span class='ocr_line' id='line_1_29' title="bbox 215 2625 1179 2696; baseline 0.005 -16"><span class='ocrx_word' id='word_1_225' title='bbox 215 2625 299 2696; x_wconf 65' lang='lat' dir='ltr'><strong>quem</strong></span> <span class='ocrx_word' id='word_1_226' title='bbox 328 2625 401 2680; x_wconf 92' lang='lat' dir='ltr'><strong>bene</strong></span> <span class='ocrx_word' id='word_1_227' title='bbox 429 2645 514 2680; x_wconf 88' lang='lat' dir='ltr'><strong>ausus</strong></span> <span class='ocrx_word' id='word_1_228' title='bbox 534 2643 607 2680; x_wconf 88' lang='lat' dir='ltr'><strong>vana</strong></span> <span class='ocrx_word' id='word_1_229' title='bbox 638 2637 833 2691; x_wconf 87' lang='lat' dir='ltr'><strong>contemnere,</strong></span> <span class='ocrx_word' id='word_1_230' title='bbox 865 2626 1033 2681; x_wconf 91' lang='lat' dir='ltr'><strong>incruentus</strong></span> <span class='ocrx_word' id='word_1_231' title='bbox 1064 2627 1179 2685; x_wconf 84' lang='lat' dir='ltr'><strong>devicit.</strong></span> 
     </span>
     <span class='ocr_line' id='line_1_30' title="bbox 216 2701 1180 2778; baseline 0.003 -20"><span class='ocrx_word' id='word_1_232' title='bbox 216 2702 314 2777; x_wconf 70' lang='lat' dir='ltr'><strong>Longe</strong></span> <span class='ocrx_word' id='word_1_233' title='bbox 328 2703 399 2758; x_wconf 87' lang='lat' dir='ltr'><strong>alius</strong></span> <span class='ocrx_word' id='word_1_234' title='bbox 415 2703 512 2771; x_wconf 74' lang='lat' dir='ltr'><strong>ltaliae,</strong></span> <span class='ocrx_word' id='word_1_235' title='bbox 528 2701 612 2777; x_wconf 74' lang='lat' dir='ltr'><strong>qulam</strong></span> <span class='ocrx_word' id='word_1_236' title='bbox 629 2703 729 2769; x_wconf 85' lang='lat' dir='ltr'><strong>lndiae,</strong></span> <span class='ocrx_word' id='word_1_237' title='bbox 744 2722 794 2778; x_wconf 91' lang='lat' dir='ltr'><strong>per</strong></span> <span class='ocrx_word' id='word_1_238' title='bbox 812 2721 896 2776; x_wconf 87' lang='lat' dir='ltr'><strong>quam</strong></span> <span class='ocrx_word' id='word_1_239' title='bbox 920 2703 1075 2759; x_wconf 90' lang='lat' dir='ltr'><strong>temulento</strong></span> <span class='ocrx_word' id='word_1_240' title='bbox 1090 2705 1180 2778; x_wconf 87' lang='lat' dir='ltr'><strong>agmi-</strong></span> 
     </span>
     <span class='ocr_line' id='line_1_31' title="bbox 180 2781 1180 2852; baseline 0.005 -17"><span class='ocrx_word' id='word_1_241' title='bbox 180 2797 252 2836; x_wconf 74' lang='lat' dir='ltr'><strong>oone</strong></span> <span class='ocrx_word' id='word_1_242' title='bbox 266 2782 534 2837; x_wconf 89' lang='lat' dir='ltr'><strong>commissabundus</strong></span> <span class='ocrx_word' id='word_1_243' title='bbox 549 2782 675 2852; x_wconf 89' lang='lat' dir='ltr'><strong>incessit,</strong></span> <span class='ocrx_word' id='word_1_244' title='bbox 699 2782 774 2837; x_wconf 86' lang='lat' dir='ltr'><strong>visus</strong></span> <span class='ocrx_word' id='word_1_245' title='bbox 799 2782 849 2838; x_wconf 83' lang='lat' dir='ltr'><strong>illi.</strong></span> <span class='ocrx_word' id='word_1_246' title='bbox 864 2781 976 2837; x_wconf 89' lang='lat' dir='ltr'><strong>habitus</strong></span> <span class='ocrx_word' id='word_1_247' title='bbox 992 2793 1075 2850; x_wconf 91' lang='lat' dir='ltr'><strong>esset,</strong></span> <span class='ocrx_word' id='word_1_248' title='bbox 1091 2782 1180 2840; x_wconf 85' lang='lat' dir='ltr'><strong>saltus</strong></span> 
     </span>
     <span class='ocr_line' id='line_1_32' title="bbox 216 2859 1180 2933; baseline 0.004 -19"><span class='ocrx_word' id='word_1_249' title='bbox 216 2859 328 2932; x_wconf 84' lang='lat' dir='ltr'><strong>Apuliae</strong></span> <span class='ocrx_word' id='word_1_250' title='bbox 343 2877 377 2916; x_wconf 91' lang='lat' dir='ltr'><strong>ac</strong></span> <span class='ocrx_word' id='word_1_251' title='bbox 392 2870 502 2915; x_wconf 90' lang='lat' dir='ltr'><strong>montes</strong></span> <span class='ocrx_word' id='word_1_252' title='bbox 518 2859 650 2914; x_wconf 90' lang='lat' dir='ltr'><strong>Lucanos</strong></span> <span class='ocrx_word' id='word_1_253' title='bbox 664 2859 803 2929; x_wconf 87' lang='lat' dir='ltr'><strong>cernenti,</strong></span> <span class='ocrx_word' id='word_1_254' title='bbox 818 2871 847 2916; x_wconf 90' lang='lat' dir='ltr'><strong>et</strong></span> <span class='ocrx_word' id='word_1_255' title='bbox 858 2859 975 2933; x_wconf 86' lang='lat' dir='ltr'><strong>vestigia</strong></span> <span class='ocrx_word' id='word_1_256' title='bbox 989 2859 1116 2916; x_wconf 88' lang='lat' dir='ltr'><strong>recentia</strong></span> <span class='ocrx_word' id='word_1_257' title='bbox 1130 2861 1180 2918; x_wconf 90' lang='lat' dir='ltr'><strong>do·</strong></span> 
     </span>
    </p>
   </div>
   <div class='ocr_carea' id='block_1_3' title="bbox 215 2937 1180 3089">
    <p class='ocr_par' dir='ltr' id='par_1_3' title="bbox 215 2937 1180 3089">
     <span class='ocr_line' id='line_1_33' title="bbox 216 2937 1180 3014; baseline 0.005 -23"><span class='ocrx_word' id='word_1_258' title='bbox 216 2937 341 2992; x_wconf 85' lang='lat' dir='ltr'><strong>mesticae</strong></span> <span class='ocrx_word' id='word_1_259' title='bbox 355 2937 453 3007; x_wconf 90' lang='lat' dir='ltr'><strong>cladis,</strong></span> <span class='ocrx_word' id='word_1_260' title='bbox 469 2938 515 2993; x_wconf 91' lang='lat' dir='ltr'><strong>ubi</strong></span> <span class='ocrx_word' id='word_1_261' title='bbox 538 2937 696 2994; x_wconf 84' lang='lat' dir='ltr'><strong>avunculus</strong></span> <span class='ocrx_word' id='word_1_262' title='bbox 716 2939 777 3014; x_wconf 85' lang='lat' dir='ltr'><strong>ejus</strong></span> <span class='ocrx_word' id='word_1_263' title='bbox 791 2957 882 3012; x_wconf 90' lang='lat' dir='ltr'><strong>nuper</strong></span> <span class='ocrx_word' id='word_1_264' title='bbox 896 2937 975 3012; x_wconf 88' lang='lat' dir='ltr'><strong>Epiri</strong></span> <span class='ocrx_word' id='word_1_265' title='bbox 990 2957 1040 2994; x_wconf 84' lang='lat' dir='ltr'><strong>rex</strong></span> <span class='ocrx_word' id='word_1_266' title='bbox 1056 2938 1180 2996; x_wconf 85' lang='lat' dir='ltr'><strong>Alexan·</strong></span> 
     </span>
     <span class='ocr_line' id='line_1_34' title="bbox 215 3013 527 3089; baseline 0.01 -20"><span class='ocrx_word' id='word_1_267' title='bbox 215 3013 266 3070; x_wconf 89' lang='lat' dir='ltr'><strong>der</strong></span> <span class='ocrx_word' id='word_1_268' title='bbox 280 3015 445 3089; x_wconf 88' lang='lat' dir='ltr'><strong>absumptus</strong></span> <span class='ocrx_word' id='word_1_269' title='bbox 458 3027 527 3074; x_wconf 86' lang='lat' dir='ltr'><strong>erat.</strong></span> 
     </span>
    </p>
   </div>
   <div class='ocr_carea' id='block_1_4' title="bbox 144 3170 1235 3884">
    <p class='ocr_par' dir='ltr' id='par_1_4' title="bbox 144 3170 1180 3544">
     <span class='ocr_line' id='line_1_35' title="bbox 255 3170 1180 3246; baseline 0.006 -21"><span class='ocrx_word' id='word_1_270' title='bbox 255 3170 372 3226; x_wconf 90' lang='lat' dir='ltr'><strong>XVlll.</strong></span> <span class='ocrx_word' id='word_1_271' title='bbox 394 3171 430 3228; x_wconf 90' lang='lat' dir='ltr'><strong>Et</strong></span> <span class='ocrx_word' id='word_1_272' title='bbox 445 3172 585 3246; x_wconf 91' lang='lat' dir='ltr'><strong>loquimur</strong></span> <span class='ocrx_word' id='word_1_273' title='bbox 596 3173 634 3228; x_wconf 91' lang='lat' dir='ltr'><strong>de</strong></span> <span class='ocrx_word' id='word_1_274' title='bbox 650 3172 815 3228; x_wconf 82' lang='lat' dir='ltr'><strong>Alexandro</strong></span> <span class='ocrx_word' id='word_1_275' title='bbox 829 3174 956 3230; x_wconf 91' lang='lat' dir='ltr'><strong>nondum</strong></span> <span class='ocrx_word' id='word_1_276' title='bbox 971 3193 1063 3232; x_wconf 86' lang='lat' dir='ltr'><strong>merso</strong></span> <span class='ocrx_word' id='word_1_277' title='bbox 1077 3194 1180 3232; x_wconf 89' lang='lat' dir='ltr'><strong>secun-</strong></span> 
     </span>
     <span class='ocr_line' id='line_1_36' title="bbox 181 3248 1180 3342; baseline 0.004 -36.024"><span class='ocrx_word' id='word_1_278' title='bbox 181 3248 260 3306; x_wconf 83' lang='lat' dir='ltr'><strong>·rsdis</strong></span> <span class='ocrx_word' id='word_1_279' title='bbox 273 3249 356 3304; x_wconf 90' lang='lat' dir='ltr'><strong>rebus</strong></span> <span class='ocrx_word' id='word_1_280' title='bbox 359 3269 498 3324; x_wconf 85' lang='lat' dir='ltr'><strong>,quarum</strong></span> <span class='ocrx_word' id='word_1_281' title='bbox 513 3269 598 3306; x_wconf 92' lang='lat' dir='ltr'><strong>nemo</strong></span> <span class='ocrx_word' id='word_1_282' title='bbox 612 3250 806 3306; x_wconf 84' lang='lat' dir='ltr'><strong>intolerantior</strong></span> <span class='ocrx_word' id='word_1_283' title='bbox 820 3251 889 3312; x_wconf 89' lang='lat' dir='ltr'><strong>suit.</strong></span> <span class='ocrx_word' id='word_1_284' title='bbox 921 3252 978 3342; x_wconf 89' lang='lat' dir='ltr'><strong>qui,</strong></span> <span class='ocrx_word' id='word_1_285' title='bbox 994 3254 1017 3309; x_wconf 90' lang='lat' dir='ltr'><strong>si</strong></span> <span class='ocrx_word' id='word_1_286' title='bbox 1031 3273 1066 3309; x_wconf 87' lang='lat' dir='ltr'><strong>ex</strong></span> <span class='ocrx_word' id='word_1_287' title='bbox 1081 3254 1180 3310; x_wconf 88' lang='lat' dir='ltr'><strong>habitu</strong></span> 
     </span>
     <span class='ocr_line' id='line_1_37' title="bbox 216 3327 1180 3422; baseline 0.006 -40"><span class='ocrx_word' id='word_1_288' title='bbox 216 3345 296 3384; x_wconf 84' lang='lat' dir='ltr'><strong>novae</strong></span> <span class='ocrx_word' id='word_1_289' title='bbox 310 3327 437 3394; x_wconf 78' lang='lat' dir='ltr'><strong>fortunae,</strong></span> <span class='ocrx_word' id='word_1_290' title='bbox 453 3328 573 3401; x_wconf 88' lang='lat' dir='ltr'><strong>novique</strong></span> <span class='ocrx_word' id='word_1_291' title='bbox 589 3327 655 3402; x_wconf 82' lang='lat' dir='ltr'><strong>(ut</strong></span> <span class='ocrx_word' id='word_1_292' title='bbox 650 3344 688 3384; x_wconf 84' lang='lat' dir='ltr'><strong>tta</strong></span> <span class='ocrx_word' id='word_1_293' title='bbox 701 3329 837 3416; x_wconf 86' lang='lat' dir='ltr'><strong>dicem)&#39;</strong></span> <span class='ocrx_word' id='word_1_294' title='bbox 831 3331 949 3405; x_wconf 83' lang='lat' dir='ltr'><strong>ingenii,</strong></span> <span class='ocrx_word' id='word_1_295' title='bbox 964 3333 1038 3422; x_wconf 79' lang='lat' dir='ltr'><strong>quod</strong></span> <span class='ocrx_word' id='word_1_296' title='bbox 1054 3333 1107 3388; x_wconf 90' lang='lat' dir='ltr'><strong>sibi</strong></span> <span class='ocrx_word' id='word_1_297' title='bbox 1121 3332 1180 3388; x_wconf 76' lang='lat' dir='ltr'><strong>vio-</strong></span> 
     </span>
     <span class='ocr_line' id='line_1_38' title="bbox 216 3405 1181 3482; baseline 0.004 -22"><span class='ocrx_word' id='word_1_298' title='bbox 216 3415 258 3460; x_wconf 91' lang='lat' dir='ltr'><strong>tor</strong></span> <span class='ocrx_word' id='word_1_299' title='bbox 273 3405 412 3470; x_wconf 80' lang='lat' dir='ltr'><strong>induerat,</strong></span> <span class='ocrx_word' id='word_1_300' title='bbox 428 3417 580 3479; x_wconf 90' lang='lat' dir='ltr'><strong>spectetur,</strong></span> <span class='ocrx_word' id='word_1_301' title='bbox 604 3406 692 3462; x_wconf 87' lang='lat' dir='ltr'><strong>Dario</strong></span> <span class='ocrx_word' id='word_1_302' title='bbox 715 3407 805 3481; x_wconf 86' lang='lat' dir='ltr'><strong>magis</strong></span> <span class='ocrx_word' id='word_1_303' title='bbox 826 3409 935 3474; x_wconf 67' lang='lat' dir='ltr'><strong>similis</strong></span> <span class='ocrx_word' id='word_1_304' title='bbox 957 3429 1040 3482; x_wconf 86' lang='lat' dir='ltr'><strong>quam</strong></span> <span class='ocrx_word' id='word_1_305' title='bbox 1056 3411 1181 3466; x_wconf 80' lang='lat' dir='ltr'><strong>Alexan-</strong></span> 
     </span>
     <span class='ocr_line' id='line_1_39' title="bbox 144 3483 1180 3555; baseline 0.001 -13"><span class='ocrx_word' id='word_1_306' title='bbox 144 3539 150 3542; x_wconf 79' lang='grc'>,</span> <span class='ocrx_word' id='word_1_307' title='bbox 216 3483 305 3552; x_wconf 86' lang='grc' dir='ltr'><strong>ιιιο,”</strong></span> <span class='ocrx_word' id='word_1_308' title='bbox 299 3483 454 3540; x_wconf 90' lang='lat' dir='ltr'><strong>mltaliam</strong></span> <span class='ocrx_word' id='word_1_309' title='bbox 477 3485 610 3555; x_wconf 88' lang='lat' dir='ltr'><strong>venisset,</strong></span> <span class='ocrx_word' id='word_1_310' title='bbox 637 3495 666 3540; x_wconf 88' lang='lat' dir='ltr'><strong>et</strong></span> <span class='ocrx_word' id='word_1_311' title='bbox 687 3485 844 3542; x_wconf 87' lang='lat' dir='ltr'><strong>exercitum</strong></span> <span class='ocrx_word' id='word_1_312' title='bbox 860 3487 1039 3543; x_wconf 70' lang='lat' dir='ltr'><strong>Macedoniae</strong></span> <span class='ocrx_word' id='word_1_313' title='bbox 1060 3489 1180 3544; x_wconf 87' lang='lat' dir='ltr'><strong>oblitum</strong></span> 
     </span>
    </p>

    <p class='ocr_par' dir='ltr' id='par_1_5' title="bbox 183 3561 1235 3871">
     <span class='ocr_line' id='line_1_40' title="bbox 217 3561 1235 3636; baseline 0.005 -20"><span class='ocrx_word' id='word_1_314' title='bbox 217 3561 524 3636; x_wconf 84' lang='lat' dir='ltr'><strong>degenerantemque</strong></span> <span class='ocrx_word' id='word_1_315' title='bbox 514 3581 572 3636; x_wconf 75' lang='lat' dir='ltr'><strong>jam</strong></span> <span class='ocrx_word' id='word_1_316' title='bbox 589 3563 616 3618; x_wconf 91' lang='lat' dir='ltr'><strong>in</strong></span> <span class='ocrx_word' id='word_1_317' title='bbox 634 3561 784 3619; x_wconf 75' lang='lat' dir='ltr'><strong>Persarum</strong></span> <span class='ocrx_word' id='word_1_318' title='bbox 799 3583 891 3622; x_wconf 89' lang='lat' dir='ltr'><strong>mores</strong></span> <span class='ocrx_word' id='word_1_319' title='bbox 905 3565 1077 3622; x_wconf 84' lang='lat' dir='ltr'><strong>adduxisset</strong></span> <span class='ocrx_word' id='word_1_320' title='bbox 1120 3565 1181 3620; x_wconf 89' lang='lat' dir='ltr'><strong>Re·</strong></span> <span class='ocrx_word' id='word_1_321' title='bbox 1233 3574 1235 3576; x_wconf 82' lang='grc'><strong>’</strong></span> 
     </span>
     <span class='ocr_line' id='line_1_41' title="bbox 180 3637 1180 3730; baseline -0.001 -31.997"><span class='ocrx_word' id='word_1_322' title='bbox 180 3637 312 3720; x_wconf 75' lang='lat' dir='ltr'><strong>nferre</strong></span> <span class='ocrx_word' id='word_1_323' title='bbox 306 3658 334 3694; x_wconf 93' lang='lat' dir='ltr'><strong>m</strong></span> <span class='ocrx_word' id='word_1_324' title='bbox 349 3650 427 3695; x_wconf 90' lang='lat' dir='ltr'><strong>tanto</strong></span> <span class='ocrx_word' id='word_1_325' title='bbox 441 3658 508 3714; x_wconf 85' lang='lat' dir='ltr'><strong>rege</strong></span> <span class='ocrx_word' id='word_1_326' title='bbox 522 3641 601 3730; x_wconf 82' lang='lat' dir='ltr'><strong>piget</strong></span> <span class='ocrx_word' id='word_1_327' title='bbox 615 3642 765 3716; x_wconf 91' lang='lat' dir='ltr'><strong>superbam</strong></span> <span class='ocrx_word' id='word_1_328' title='bbox 781 3643 964 3698; x_wconf 88' lang='lat' dir='ltr'><strong>mutationem</strong></span> <span class='ocrx_word' id='word_1_329' title='bbox 980 3644 1074 3706; x_wconf 87' lang='lat' dir='ltr'><strong>vestis,</strong></span> <span class='ocrx_word' id='word_1_330' title='bbox 1090 3653 1118 3698; x_wconf 86' lang='lat' dir='ltr'><strong>et</strong></span> <span class='ocrx_word' id='word_1_331' title='bbox 1131 3641 1180 3697; x_wconf 91' lang='lat' dir='ltr'><strong>de-</strong></span> 
     </span>
     <span class='ocr_line' id='line_1_42' title="bbox 217 3716 1181 3792; baseline 0.005 -21"><span class='ocrx_word' id='word_1_332' title='bbox 217 3716 354 3772; x_wconf 84' lang='lat' dir='ltr'><strong>sideratas</strong></span> <span class='ocrx_word' id='word_1_333' title='bbox 369 3717 468 3772; x_wconf 86' lang='lat' dir='ltr'><strong>bumi&#39;</strong></span> <span class='ocrx_word' id='word_1_334' title='bbox 459 3717 616 3792; x_wconf 73' lang='lat' dir='ltr'><strong>jacentium</strong></span> <span class='ocrx_word' id='word_1_335' title='bbox 632 3719 819 3790; x_wconf 87' lang='lat' dir='ltr'><strong>adulationes,</strong></span> <span class='ocrx_word' id='word_1_336' title='bbox 841 3720 924 3774; x_wconf 91' lang='lat' dir='ltr'><strong>etiam</strong></span> <span class='ocrx_word' id='word_1_337' title='bbox 948 3721 1030 3776; x_wconf 88' lang='lat' dir='ltr'><strong>victis</strong></span> <span class='ocrx_word' id='word_1_338' title='bbox 1045 3717 1181 3776; x_wconf 89' lang='lat' dir='ltr'><strong>Macedo·</strong></span> 
     </span>
     <span class='ocr_line' id='line_1_43' title="bbox 217 3765 1181 3884; baseline 0.004 -33"><span class='ocrx_word' id='word_1_339' title='bbox 217 3795 302 3851; x_wconf 85' lang='lat' dir='ltr'><strong>nibus</strong></span> <span class='ocrx_word' id='word_1_340' title='bbox 315 3813 424 3870; x_wconf 69' lang='lat' dir='ltr'><strong>graves</strong></span> <span class='ocrx_word' id='word_1_341' title='bbox 439 3796 544 3852; x_wconf 91' lang='lat' dir='ltr'><strong>nedum</strong></span> <span class='ocrx_word' id='word_1_342' title='bbox 561 3796 732 3866; x_wconf 83' lang='lat' dir='ltr'><strong>victoribus;</strong></span> <span class='ocrx_word' id='word_1_343' title='bbox 762 3808 791 3852; x_wconf 86' lang='lat' dir='ltr'><strong>et</strong></span> <span class='ocrx_word' id='word_1_344' title='bbox 805 3765 879 3854; x_wconf 82' lang='lat' dir='ltr'><strong>loeda</strong></span> <span class='ocrx_word' id='word_1_345' title='bbox 900 3797 1050 3871; x_wconf 87' lang='lat' dir='ltr'><strong>supplicia,</strong></span> <span class='ocrx_word' id='word_1_346' title='bbox 1065 3807 1094 3854; x_wconf 92' lang='lat' dir='ltr'><strong>et</strong></span> <span class='ocrx_word' id='word_1_347' title='bbox 1108 3798 1181 3884; x_wconf 84' lang='lat' dir='ltr'><strong>inter</strong></span> 
     </span>
    </p>
   </div>
   <div class='ocr_carea' id='block_1_5' title="bbox 0 0 1326 4228">
    <p class='ocr_par' dir='ltr' id='par_1_6' title="bbox 0 0 1326 4228">
     <span class='ocr_line' id='line_1_44' title="bbox 0 0 1326 4228; baseline 0 0"><span class='ocrx_word' id='word_1_348' title='bbox 0 0 1326 4228; x_wconf 95' lang='lat' dir='ltr'><strong> </strong></span> 
     </span>
    </p>
   </div>
  </div>
 </body>
</html>
