2630 4228
527 333 631 382 LIBER
648 332 695 382 111.
714 345 776 382 car.
788 346 870 380 xurrr.
1127 335 1168 398 89

199 473 242 532 Μ.
270 473 424 531 Cornelius
451 473 480 530 in
509 473 647 548 Algidum
679 473 782 531 missus
815 492 881 529 cum
915 472 949 530 L.
977 471 1110 532 Minucio
1136 485 1166 534 et

199 553 237 610 Τ.
253 551 382 608 Antonio
396 563 425 607 et
446 551 567 608 Caesone
590 551 687 607 Duilio
709 563 737 607 et
762 551 802 606 M.
819 549 938 625 Sergio:
973 552 1022 624 Sp.
1037 551 1164 625 Oppium

199 631 255 703 Ap.
271 630 393 686 Claudio
408 629 565 702 adjutorem
590 630 624 684 ad
641 629 748 686 Urbem
773 629 918 700 tuendam,
941 647 1021 702 aequo
1035 630 1165 686 omnium

198 707 426 768 decemvirorum
440 707 569 781 imperio,
584 707 752 762 decernunt.

177 873 190 911 ⁵
239 861 337 918 XLll.
366 861 467 918 Nihilo
480 861 598 927 militiae,
623 861 709 936 quiam
724 861 811 934 domi,
826 859 932 918 melius
945 862 1104 936 respublica
1119 863 1167 919 ad·

200 941 359 996 ministrata
372 950 426 994 est.
469 939 521 994 llla
535 937 621 996 modd
635 940 664 996 in
690 940 811 996 ducibus
833 939 928 1013 culpa,
951 940 1036 1012 qudd,
1058 953 1088 996 ut
1101 941 1168 998 odio

199 1029 296 1073 essent
317 1017 437 1082 civibus,
462 1016 608 1073 fecerant:
652 1017 707 1074 alia
728 1018 822 1074 omnis
846 1035 934 1090 penes
961 1017 1065 1074 milites
1092 1037 1168 1074 nora

199 1107 280 1162 erat;
301 1096 358 1168 qui,
374 1095 493 1167 nequid
508 1095 595 1150 ductu
611 1105 694 1168 atque
709 1095 836 1169 auspicio
851 1095 1075 1150 decemvirorum
1092 1114 1168 1168 pros·

199 1171 267 1246 pere
281 1191 400 1245 usquam
414 1183 569 1246 gereretur,
592 1172 667 1228 vinci
683 1191 713 1229 se
729 1191 777 1246 per
792 1191 845 1228 suu
894 1183 977 1244 atque
992 1171 1103 1228 illorum
1119 1172 1168 1228 de-

167 1258 191 1298 1⁰
200 1249 290 1306 decus
304 1250 491 1323 patiebantur.
534 1249 604 1306 Fusi
617 1260 646 1305 et
660 1250 696 1305 ab
710 1250 824 1306 Sabinis
835 1191 875 1304 ‘dd
888 1249 1015 1317 Eretum,
1030 1249 1101 1304 etin
1118 1249 1168 1306 Al-

199 1329 268 1402 gido
282 1329 318 1384 ab
341 1327 451 1400 AEquiS,
477 1328 620 1384 exercitus
643 1339 732 1384 erant.
775 1327 825 1382 Ab
844 1325 933 1383 Ereto
949 1345 999 1400 per
1021 1327 1167 1384 silentium

199 1407 293 1462 noctis
307 1405 430 1480 profugi,
443 1405 561 1479 propius
578 1405 692 1476 Urbem,
705 1405 777 1460 inter
791 1403 918 1460 Fidenas
930 1403 1168 1460 Crustumeriam-

199 1503 265 1556 que,
287 1483 350 1540 loco
370 1483 447 1540 edito
468 1495 561 1539 castra
581 1483 838 1540 communierant:
861 1482 1019 1556 persecutis
1041 1481 1168 1540 hostibus

199 1579 338 1635 nusquam
354 1580 385 1616 se
407 1581 488 1634 aequo
509 1561 665 1617 certamine
688 1561 909 1630 committentes,
933 1560 1036 1615 naturai
1056 1557 1111 1616 loci
1133 1579 1167 1620 ae

167 1647 191 1684 1⁵
201 1640 284 1710 vallo,
297 1658 353 1695 non
369 1639 472 1695 virtute
487 1652 536 1695 aut
550 1631 647 1706 armis,
660 1631 833 1695 tutabantur.
874 1635 970 1712 Majus
984 1637 1122 1712 flagitium
1138 1637 1167 1694 in
1199 1659 1204 1664 ·

201 1717 317 1790 Algido,
332 1717 421 1792 major
435 1717 523 1772 etiarn
537 1716 633 1772 clades
653 1729 791 1790 accepta:
822 1725 915 1772 castra
935 1734 1048 1788 qnoque
1064 1716 1168 1772 amissa

199 1807 301 1863 erant3
322 1807 480 1868 exutusque
494 1795 627 1850 omnibus
651 1794 830 1864 utensilibus,
853 1793 935 1850 miles
949 1793 1111 1850 Tusculum
1125 1813 1167 1860 se,

200 1872 256 1928 fide
271 1873 522 1945 misericordiaque
537 1873 663 1928 victurus
687 1873 829 1945 hospitum
854 1871 931 1944 (qnae
946 1883 1041 1926 tamen
1057 1890 1112 1927 non
1130 1871 1168 1927 se·

200 1950 357 2026 fellerunt),
377 1950 544 2006 contulerat.
588 1949 712 2006 Romam
736 1950 806 2005 tanti
831 1961 912 2005 eraut
936 1961 1057 2005 terrores
1081 1949 1167 2014 allati,

164 2035 190 2074 2⁰
201 2038 240 2096 ut,
255 2028 346 2102 posito
357 2028 416 2102 jam
431 2027 713 2096 decemvirali,0dio‚
740 2027 837 2083 Patres
859 2027 968 2102 vigilias
983 2026 1012 2082 in
1027 2025 1104 2081 Urbe
1120 2027 1168 2087 ha-

199 2105 309 2162 bendas
323 2116 494 2172 censerent3
525 2124 634 2170 omnes,
659 2105 709 2179 qui
731 2125 779 2178 per
802 2116 918 2161 atatem,
928 2123 1007 2160 arma
1020 2103 1091 2159 ferre
1106 2123 1168 2178 pos·

199 2195 273 2248 sent,
289 2183 433 2238 custodire
448 2183 563 2248 rnoenia,
586 2201 621 2239 ac
643 2201 694 2257 pro
717 2183 805 2256 portis
829 2182 965 2238 stationes
989 2200 1073 2256 agere
1085 2181 1168 2256 jube·

198 2272 282 2328 rent3
310 2279 390 2318 arma
414 2259 574 2316 Tusculum
590 2262 625 2316 ad
648 2261 875 2334 supplementum
900 2259 1098 2324 decernerent,
1120 2259 1168 2316 de-

199 2339 405 2412 cemvirosque,
420 2339 456 2394 ab
477 2357 543 2395 arce
566 2339 688 2394 Tusculi
711 2339 869 2412 degressos
889 2338 918 2393 in
934 2337 1033 2395 castris
1047 2337 1166 2394 militem
1250 2358 1263 2383 -··

163 2416 325 2484 achatem
348 2427 440 2472 castra
455 2417 510 2472 alia
525 2436 541 2472 a
559 2417 677 2472 Fidenis
692 2416 719 2472 in
737 2417 874 2472 Sabinum
890 2435 989 2490 agrum
1005 2415 1165 2484 transferri;

199 2494 329 2568 belloque
344 2495 418 2553 ultro.
431 2494 585 2554 inferendo.
594 2494 729 2554 deterreri
744 2495 840 2552 hostes
854 2513 871 2550 a
884 2493 1008 2570 consil-iq
1018 2493 1103 2550 Urbis
1117 2512 1166 2568 op-
1231 2517 1247 2528 ·’
1264 2549 1268 2555 ,

198 2573 375 2647 pugnanda.

238 2729 357 2786 XLIII,
383 2731 434 2787 Au
446 2731 543 2787 clades
557 2731 594 2787 ab
609 2731 736 2787 hostibus
758 2741 891 2804 acceptas
913 2731 970 2786 duo
988 2727 1112 2785 nefanda
1127 2729 1166 2786 fa-

198 2807 297 2863 cinora
311 2808 467 2866 decemviri
482 2809 547 2865 belli
562 2810 694 2882 domique
709 2805 856 2884 adjiciunt.
885 2809 918 2864 L.
934 2807 1061 2863 Siccium
1071 2807 1100 2862 in
1113 2807 1166 2864 Se-

163 2883 282 2952 sabinis,
296 2905 347 2960 per
371 2887 507 2942 invidiam
532 2887 761 2958 decemviralem,
783 2887 961 2943 tribunorum
976 2886 1163 2942 creandorum

198 2963 424 3036 secessionisque
439 2965 648 3027 mentionesad
669 2965 769 3039 vulgus
790 2965 913 3021 militurn-
926 2963 1103 3021 sermonibus
1117 2983 1164 3020 oc·
1252 2991 1255 2998 ·

198 3039 284 3102 cultis
298 3054 449 3108 serentem,
465 3043 692 3116 prospeculatum
718 3043 753 3098 ad
768 3043 862 3099 locum
878 3042 977 3098 castris
992 3041 1167 3114 capiendum

198 3117 334 3174 mittunt:
357 3119 439 3176 datur
453 3121 599 3195 negotium
615 3121 760 3191 militibus,
785 3140 855 3194 quos
878 3120 1014 3176 miserant
1028 3119 1166 3194 expediti-
1259 3171 1260 3180 ,

197 3197 261 3253 onis
282 3197 344 3272 ejus
367 3199 496 3264 comites,
513 3209 543 3254 ut
557 3217 622 3254 eum
644 3210 802 3274 opportuno
824 3199 913 3254 adorti
937 3197 1001 3254 loco
1023 3197 1160 3254 interlice-

163 3285 270 3330 terent.
313 3275 399 3332 Haud
416 3277 537 3332 inultum
551 3276 740 3334 interfecere:
772 3296 843 3337 narn¹
860 3277 937 3339 circa
956 3287 1162 3349 repugnantem

183 3351 304 3431 ‘aliquot
320 3354 498 3410 insidiatores
513 3349 655 3420 ceeidbre,
678 3374 767 3428 quum,
791 3355 855 3429 ipse
865 3375 900 3410 se
909 3353 1086 3429 praevalidus,
1102 3354 1163 3427 pari

198 3430 305 3488 viribus
318 3433 423 3497 animo,
439 3432 649 3488 circumventus
672 3443 818 3494 tutaretur.
861 3433 1004 3489 Nuntlant
1025 3431 1053 3488 in
1069 3443 1163 3490 castra

198 3511 304 3577 ceteri,
320 3511 526 3585 praecipitatum
553 3510 580 3566 in
597 3510 713 3568 insidias
727 3530 790 3568 esse
812 3511 940 3568 Siccium
961 3507 1077 3586 egregie
1092 3529 1164 3586 pug3v

197 3600 328 3656 nantem,
342 3589 501 3661 militesque
523 3589 658 3661 quosdam
674 3609 740 3645 curn
756 3609 791 3646 eo
804 3590 930 3648 amissos
972 3586 1067 3645 Primd
1091 3587 1163 3645 fides
1187 3611 1190 3618 ¹

163 3667 397 3724 ⁴⁰uuntiantibus
419 3666 479 3722 suit.
522 3666 652 3724 Prolecta
676 3667 780 3724 deinde
805 3669 906 3723 cohors
925 3667 959 3723 ad
975 3665 1162 3740 sepeliendos,

197 3745 244 3820 qui
260 3745 435 3810 ceciderant,
460 3743 684 3802 decemvirorum
708 3745 862 3820 permissu,
885 3756 1031 3820 postquam
1052 3743 1160 3820 nullum

534 3821 550 3854 ,¹
622 3821 623 3824 ,
