2630 4228
468 358 572 412 tinen
588 362 619 412 V.
653 375 841 420 comment.
1088 369 1148 429 lili

215 504 381 563 xxxvn.
401 503 502 566 Quum
517 515 596 562 tanta
609 504 699 564 moles
712 504 779 563 mall
795 504 921 577 instaret,
950 504 1038 580 (alleri
1051 507 1145 574 obero-

172 594 221 642 oat
236 583 348 642 onirnos
362 583 502 650 Fortuna,
516 585 563 640 uni
576 585 632 640 vim
647 605 727 641 suam
752 585 931 661 ingruentem
955 585 1071 661 refringi
1088 607 1144 644 non

175 667 245 735 nult}
260 662 448 738 civitasque
463 663 599 720 adversus
613 662 783 720 Fidenatem
808 682 844 721 nc
866 663 1017 740 Veientem
1033 664 1144 722 hostem

174 741 300 814 aliosque
315 740 454 798 finitimos
464 742 591 816 populos,
607 741 707 798 ultima
730 742 880 817 experiens
894 741 1010 810 auxilio,
1025 742 1145 800 dictato·

150 835 233 876 siem
251 819 345 875 inultis
359 820 577 894 tempestatibus
589 819 728 888 dixissem
759 838 795 876 ca
808 832 888 891 tnnc,
904 819 1046 877 imisituto
1059 833 1144 895 atque

174 898 303 955 inaudito
318 899 397 954 hoste
412 899 448 954 alr
468 898 590 954 Oceano
615 911 810 973 terrarumque
830 898 941 955 ultimis
961 899 1019 955 oris
1038 898 1143 957 bellum

173 978 278 1046 ciente,
295 977 363 1033 nillil
378 976 593 1034 extraordinarii
608 975 718 1052 imperii
733 989 783 1033 aut
797 975 893 1036 auxilii
909 976 1038 1051 quaesivit
1077 977 1144 1034 Tri·

174 1055 253 1122 lnmi,
272 1073 390 1129 quorum
413 1055 572 1112 tomeritate
598 1055 704 1112 bellum
726 1066 904 1112 contractum
930 1067 999 1125 emt,
1024 1073 1144 1112 summac

174 1151 267 1190 rerum
293 1144 449 1208 praeerant:
484 1133 686 1208 delectumque
710 1133 1037 1204 nihilo-accuratiorem,
1056 1135 1144 1208 quim

141 1213 209 1268 marl
226 1212 318 1267 media
333 1211 406 1267 liella
420 1211 517 1267 lraberi
533 1211 633 1266 solitus
645 1223 714 1282 orat,
727 1211 1025 1285 (extenuentosetiom
1040 1211 1143 1270 lernam

175 1289 256 1365 belli)
279 1289 429 1348 habebant.
480 1289 598 1345 interim
619 1289 705 1359 Galli,
728 1301 876 1363 postquam
901 1292 1048 1364 occepi-rc,
1071 1292 1144 1348 ultro

175 1369 310 1424 lnmorem
337 1367 465 1424 habitum
485 1367 667 1424 viniatoribus
685 1368 758 1443 juris
772 1365 906 1440 'liciniani
925 1367 1090 1442 elusamque
1105 1370 1144 1425 le·

172 1447 317 1522 gationem
332 1463 412 1501 suam
427 1464 499 1515 esse,
516 1445 668 1521 llagmntcs
683 1445 734 1512 ini,
756 1446 840 1522 cujus
854 1447 994 1522 impotens
1005 1458 1048 1503 est
1061 1465 1143 1522 gens,

174 1524 327 1580 confestim
348 1524 439 1600 signis
452 1524 607 1596 convulsio,
627 1524 718 1581 citato
736 1525 853 1600 agmine
867 1525 919 1581 iter
934 1525 1142 1600 ingrediuntur.

139 1619 165 1658 1⁵
175 1603 221 1658 lto
236 1621 357 1677 aprorum
371 1602 603 1678 praetereuntium
624 1603 724 1678 raptim
749 1602 901 1660 tumultum
924 1619 1011 1677 quum
1025 1604 1144 1660 exterri-

173 1697 208 1738 ιω
231 1681 316 1738 urlies
335 1682 370 1737 orl
392 1701 472 1738 arma
492 1693 706 1748 concurrerent,
728 1681 850 1757 iugoque
871 1681 1026 1757 agrestium
1053 1683 1142 1754 lieret,

173 1760 298 1817 Romam
312 1777 343 1816 sc
366 1759 416 1832 ire,
438 1776 543 1836 itiagno
563 1761 688 1818 olanmro
712 1760 931 1836 signilictbnnt3
962 1764 1143 1836 quicumque

174 1837 261 1906 ilmnt,
276 1839 356 1913 equis
378 1838 500 1914 virisque
515 1839 598 1915 longi
622 1857 657 1896 ae
679 1837 734 1895 late
758 1839 820 1896 lum
833 1839 948 1915 tgniioe
970 1839 1141 1896 inuucnsum

172 1917 336 1974 obtinentes
350 1916 415 1974 loci.
458 1917 526 1983 Sed,
551 1918 742 1974 antecedente
768 1917 844 1974 seruit
864 1917 1029 1992 ornatisque
1049 1918 1143 1974 Clrisi·

136 2009 284 2066 senorum,
299 1996 436 2071 deinceps
452 1995 518 2052 inde
538 1995 658 2053 aliorum
680 1995 857 2072 populorum,
883 1995 1034 2071 plurimum
1057 2007 1143 2053 terro-

173 2074 211 2130 ris
240 2073 362 2130 Romam
384 2074 516 2131 celeritas
543 2075 665 2131 hostium
690 2075 774 2143 tulit3
808 2075 912 2150 quippe
933 2073 1044 2149 quibus,
1067 2074 1143 2131 uelut

172 2152 357 2208 tumultuario
378 2153 506 2210 exercitu
529 2153 628 2228 raptim
661 2154 758 2225 ducto,
790 2153 866 2229 regri
894 2151 929 2209 nd
955 2153 1141 2210 undecimum

172 2230 297 2304 lapidem
311 2249 462 2287 occursum
476 2243 527 2301 est,
542 2235 597 2306 qni
614 2231 720 2288 liunion
747 2231 836 2298 Allia,
852 2230 1050 2298 ‚Crumuminis
1064 2249 1143 2287 omn·

171 2308 248 2364 tilms
263 2308 377 2382 praealto
390 2308 521 2366 rlcflucn‘s
535 2310 624 2377 alueo,
651 2311 725 2367 liatnl
741 2309 861 2368 multum
877 2309 950 2367 inim
965 2310 1037 2368 riam
1053 2309 1143 2366 'ribo-

135 2386 235 2442 osrino
249 2387 333 2443 amiu’
349 2387 491 2444 misectur.
533 2388 599 2446 Jam
623 2389 720 2446 emnia
740 2387 841 2446 comni
862 2387 997 2462 circique
1019 2388 1141 2446 hostium

171 2464 256 2539 plena
269 2477 371 2534 erum;
402 2477 431 2523 ct
455 2479 521 2522 nata
546 2467 573 2522 in
596 2485 684 2523 vanos
704 2468 842 2523 tumuitus
855 2485 938 2542 gens,
960 2467 1032 2524 truci
1054 2479 1141 2524 cantu

171 2541 402 2618 clamoribusque
426 2544 518 2615 uariis,
544 2545 687 2602 horrcndo
700 2557 807 2602 cuncta
828 2544 1040 2621 compleverant
1061 2565 1142 2602 sono.

212 2699 391 2758 XXXVlll.
427 2702 471 2759 lbi
498 2703 605 2760 trilmni
626 2703 759 2771 militum,
781 2721 838 2761 non
863 2703 1049 2761 lococastr'is
1075 2705 1140 2760 antri

171 2791 264 2853 capto,
280 2797 336 2837 non
352 2781 521 2856 prtemunito
536 2778 616 2852 vallo,
631 2781 687 2857 quii
698 2796 830 2858 receptus
843 2794 927 2851 essct,
944 2801 1000 2838 nou
1014 2781 1140 2838 Deorum

135 2857 281 2928 mallem,
297 2859 319 2914 si
344 2879 400 2915 non
422 2861 578 2928 hominnm,
595 2880 743 2931 memores,
767 2879 822 2918 nec
837 2859 994 2936 auspicato,
1010 2877 1065 2918 nco
1092 2861 1142 2916 ita-

171 2934 211 3001 tri,
238 2936 381 2994 instruunt
405 2939 497 2994 aeicm
522 2939 668 2998 diductam
690 2939 718 2996 in
740 2959 858 3004 cornua,
881 2957 917 2996 nc
938 2939 1140 2996 circunmcniri

172 3014 354 3072 mrdtitndine
364 3016 485 3072 lrostium
499 3027 632 3092 possent:
654 3037 709 3074 nco
722 3031 815 3076 tamen
827 3017 930 3093 acqrrari
945 3017 1051 3074 statutos
1066 3030 1142 3092 potc-

172 3105 245 3161 rant,
259 3114 345 3167 «pirum
361 3096 544 3152 extenuando
559 3096 698 3164 inlirmam
711 3110 740 3154 et
752 3098 795 3153 uix
808 3098 1000 3154 coliancmcm
1017 3097 1140 3153 mediam

171 3171 262 3227 aciem
280 3171 425 3230 haberent.
469 3174 587 3230 Paulum
602 3187 662 3232 crat
685 3176 720 3231 ali
742 3175 855 3232 dexteri
878 3175 947 3231 editi
969 3175 1034 3242 loci,
1055 3195 1140 3250 uatem

134 3249 348 3308 easrilisirliariis
363 3253 462 3327 repleri
479 3253 606 3328 placenta
627 3271 786 3328 cautiores,
803 3267 832 3310 ut
847 3253 959 3310 initium
975 3255 1085 3329 pavoris
1105 3273 1141 3310 nc

172 3327 255 3400 sugo,
269 3329 317 3386 sic
328 3349 384 3386 mm
397 3331 474 3387 sulus
496 3332 671 3407 fugientibus
688 3332 757 3388 lirit:
787 3349 852 3389 nam
870 3331 1009 3400 Brcrums,
1026 3333 1141 3409 regulus

170 3406 327 3478 Gallorum,
345 3410 371 3465 in
388 3411 529 3484 paucitate
546 3411 667 3467 liostimn
683 3425 771 3467 ortem
792 3411 914 3468 inanimi·
934 3412 1048 3482 timens,
1064 3425 1141 3468 ratus

170 3485 206 3540 ad
233 3485 259 3541 id
283 3501 398 3562 coptum
424 3489 597 3564 superiorem
623 3489 728 3560 locirnt,
754 3502 793 3556 ut,
820 3490 868 3547 tilii
889 3490 964 3546 Galli
987 3509 1053 3546 cnm
1078 3492 1142 3548 acie

171 3562 317 3638 legionum
341 3568 418 3623 rcctai
435 3568 525 3624 fronte
539 3569 799 3634 concucurrissent,
815 3569 942 3625 snlmirlia
971 3569 999 3625 in
1027 3587 1141 3625 aversos

83 3643 87 3652 “
137 3653 404 3719 rotransrc'rsosrprc
420 3645 555 3721 impetum
571 3648 681 3715 darent,
704 3649 738 3704 ad
761 3648 946 3704 subsidiarios
970 3647 1052 3722 signa
1073 3665 1141 3702 con·

172 3723 274 3790 r'crtlt3
297 3725 319 3780 si
335 3745 385 3780 cos
400 3725 462 3781 loco
473 3726 638 3800 depulisset,
665 3728 738 3784 liand
754 3727 870 3796 dubins,
886 3726 998 3782 facilem
1016 3728 1042 3782 iu
1059 3745 1141 3798 turpio

171 3802 265 3876 catnpi
287 3803 397 3861 tannim
418 3807 563 3879 superanti
592 3807 766 3862 multitudini
790 3801 934 3861 uictoriam
951 3805 1031 3860 loro:
1066 3802 1140 3860 oderi
