2632 4224
168 319 209 382 το
558 318 628 368 rrrr
645 317 731 368 arvrr

167 459 288 538 propere
302 459 445 530 consules,
466 458 499 518 P.
514 461 652 526 Servilius
671 470 701 518 et
721 461 778 536 Ap.
799 459 949 533 Claudius,
963 460 999 520 ad
1013 460 1135 538 compri-

134 539 140 554 '
168 539 303 596 mendam
317 540 485 597 seditionem
502 540 729 597 intervenissent.
763 538 797 595 ln
813 558 862 596 eos
876 540 1027 597 multitudo
1041 559 1132 610 versa,

167 627 310 678 ostentare
332 617 446 674 vincula
475 637 537 686 sua,
566 618 829 692 deformitatemque
858 618 953 674 aliam.
1009 618 1082 676 Haec
1102 638 1133 676 se

167 695 284 752 meritos
298 695 405 767 dicere,
419 697 623 772 exprobrantes
636 715 717 752 suam
731 695 850 770 quisque
869 696 944 752 alius
957 696 1025 753 alibi
1040 697 1135 757 militi·

167 791 224 830 am.
265 773 422 841 Postulare‚
446 773 535 831 multo
559 775 710 832 minaciter
731 774 822 849 magis
842 772 928 848 quam
958 774 1133 849 suppliciter,
1154 791 1168 831 s

167 864 199 908 ut
212 861 342 928 sen'aturn
358 863 509 910 vocarent:
530 853 695 928 curiamque
709 852 773 928 ipsi,
795 851 880 908 futuri
895 853 992 909 arbitri
1007 853 1135 910 modera-

166 938 297 1004 toresque
318 930 425 1005 publici
449 931 571 998 consilii,
593 931 820 988 circumsistunt.
869 929 957 988 Pauci
980 931 1134 988 admodum

165 1005 293 1074 Petrum,
307 1027 377 1082 quos
391 1027 475 1066 casus
488 1009 639 1076 obtulerat,
661 1008 801 1066 contracti
815 1008 851 1064 ad
865 1009 1016 1066 consules:
1049 1020 1135 1066 ooete·

165 1104 212 1142 ros
225 1098 318 1142 metus
332 1106 389 1144 non
404 1088 487 1144 curiit
500 1086 596 1159 modo,
609 1087 660 1144 sed
674 1087 760 1144 etiam
775 1086 836 1144 foro
849 1087 982 1154 arcebat;
1017 1105 1073 1144 nec
1087 1087 1134 1162 agi

165 1164 319 1238 quidquam
343 1183 392 1239 per
416 1165 635 1240 infrequentiam
662 1176 772 1240 poterat
795 1167 931 1222 senatus-‚⁰
967 1164 1045 1222 Tum
1068 1163 1168 1222 verbra

165 1241 242 1298 eludi
257 1255 342 1317 atque
355 1244 465 1300 extrahi
480 1263 511 1300 se
532 1244 684 1301 multitudo
698 1255 817 1318 putare3
838 1254 877 1312 et,
892 1243 1009 1300 Potrum
1024 1243 1072 1318 qui
1087 1244 1134 1299 ab·

164 1331 271 1388 essent,
299 1340 357 1380 non
384 1341 462 1391 casu,
489 1341 547 1379 non
575 1332 662 1388 metu,
689 1322 740 1378 scd
768 1321 959 1396 impediendae
985 1321 1026 1378 rei
1047 1323 1134 1378 causa

165 1398 276 1470 abesse,
297 1411 326 1456 et
346 1400 480 1456 consules
500 1401 575 1474 ipsos
596 1399 792 1475 tergiversari3
824 1419 879 1456 neo
900 1400 987 1456 dubie
1011 1399 1134 1457 ludibrio

165 1495 228 1534 esse
242 1477 370 1534 miserias
383 1497 458 1534 suas.
493 1478 558 1534 lam
572 1478 657 1553 prope*
671 1487 741 1544 erat,
757 1489 838 1534 utne
852 1478 1003 1535 consulum
1017 1478 1133 1552 quidem

164 1555 300 1630 majestas
313 1563 459 1612 coerceret
479 1555 548 1612 iras*
556 1557 703 1613 hominum
716 1575 725 1624 3
755 1575 853 1630 quum,
868 1556 981 1628 incerti,
996 1557 1133 1613 morando
1143 1572 1168 1612 ts

164 1651 201 1689 an
216 1634 367 1700 veniendo,
382 1634 446 1708 plus
458 1634 578 1709 periculi
592 1635 804 1704 contraherent,
826 1635 942 1691 tandem
958 1635 985 1690 in
1002 1645 1133 1692 senatum

129 1763 132 1770 ,
163 1711 300 1779 veniunt,
322 1711 518 1787 frequentique
532 1713 647 1769 tandem
663 1712 753 1778 coriti,
768 1731 825 1770 non
841 1710 925 1770 modd
936 1713 1010 1768 inter
1023 1711 1132 1780 Patres,

163 1789 214 1846 sed
229 1809 267 1846 ne
282 1791 355 1846 inter
369 1790 503 1846 consules
523 1790 637 1864 quidem
653 1791 737 1864 ipsos,
752 1791 821 1846 satis
835 1790 1032 1848 conveniebat.
1075 1791 1134 1864 Ap-

162 1867 236 1942 pius,
251 1869 428 1925 vehementis
442 1868 614 1944 ingenuan,
629 1869 748 1942 imperio
762 1868 907 1924 consulari
916 1886 975 1924 rem
990 1869 1132 1941 agendam

163 1946 317 2003 censebat:
339 1965 397 2003 nno
411 1957 459 2003 aut
473 1946 562 2003 altero
572 1957 693 2021 arrepto,
706 1945 851 2020 quieturos
865 1945 942 2002 alios.
964 2013 968 2018 Ι
985 1945 1167 2016 Servilius,sc

162 2022 276 2080 lenibus
290 2025 424 2081 remediis
438 2025 538 2099 aptior,
552 2025 711 2081 concitatos
730 2023 840 2080 animos
854 2023 940 2096 flecti,
954 2024 1043 2098 quarn
1058 2022 1133 2080 fran-

162 2101 203 2176 gi,
217 2102 335 2178 putabat
348 2121 435 2177 quum
449 2101 548 2169 tutius,
563 2113 624 2160 turn
639 2101 761 2174 facilius,
774 2119 865 2158 esse.l

202 2258 318 2316 XXIV.
354 2260 434 2318 Inter
460 2261 524 2318 hec
543 2260 633 2336 major
653 2261 726 2318 alius
751 2270 848 2317 terror.
897 2259 993 2316 Latini
1022 2259 1133 2334 equites

161 2354 230 2392 cum
244 2337 419 2394 tumultuoso
432 2338 565 2394 advolant
579 2338 690 2408 nuntio,
711 2337 863 2394 “Volscos
887 2336 990 2394 infesto
1003 2337 1133 2394 exercitu

161 2415 181 2447 “
193 2415 227 2469 ad
243 2414 342 2470 urbem
362 2417 584 2490 oppuguandam
605 2415 703 2472 venire
713 2435 721 2471 ι
731 2415 748 2442 ”
769 2433 832 2488 quae
846 2414 945 2470 audita
960 2412 1046 2490 (adeo
1061 2414 1169 2474 duasss

161 2510 199 2548 ex
214 2493 273 2547 unit
287 2491 402 2548 civitate
416 2493 560 2550 discoldia
574 2493 695 2571 fecerat)
716 2491 803 2568 longe
818 2491 899 2548 aliter
913 2492 1012 2548 Patres
1025 2510 1060 2548 ac
1074 2491 1133 2565 ple-

156 2569 227 2625 bem
242 2569 373 2626 affecere.
415 2570 567 2630 Exsultare
580 2571 686 2646 gaudio
701 2571 817 2646 plebes:
838 2574 856 2604 “
870 2570 975 2627 ultores
991 2569 1132 2644 superbiae

162 2650 179 2682 ‘⁴
192 2647 307 2704 Petrum
322 2648 447 2704 adesse'’
463 2649 560 2706 dicere
580 2653 598 2684 “
611 2649 704 2706 Deos:
715 2649 732 2676 ’'
764 2648 837 2705 alius
848 2648 934 2704 alium
950 2649 1132 2719 confirmare,

161 2745 199 2783 ne
213 2725 331 2782 nomina
344 2727 463 2784 darent:
487 2733 506 2764 “
515 2746 582 2784 cum
596 2727 730 2784 omnibus
744 2725 846 2802 potitis,
859 2727 943 2800 quarn
959 2725 1043 2792 solos,
1057 2725 1132 2800 peri·

161 2809 276 2861 “turos
319 2803 418 2866 Patres
432 2804 595 2872 militarent,
611 2805 710 2862 Patres
730 2823 810 2862 arma
830 2815 976 2893 caperent,
997 2815 1029 2861 ut
1042 2821 1167 2878 peuesat

162 2882 304 2939 “eosdem
326 2882 455 2956 pericula
481 2883 559 2955 belli,
579 2901 669 2958 penes
689 2902 760 2972 quos
780 2882 907 2958 praemia,
923 2883 1047 2940 essent.'’
1090 2883 1131 2939 At

160 2959 227 3017 vero
241 2959 331 3026 ouria,
347 2972 448 3017 moesta
462 2979 497 3016 ac
511 2961 621 3036 trepida
635 2961 754 3050 ancipiti
769 2971 847 3018 metu
861 2972 890 3017 et
911 2961 947 3016 ab
968 2961 1031 3018 cire
1044 2971 1074 3018 et
1094 2960 1131 3016 ab

158 3039 252 3109 hoste,
274 3032 428 3096 Servilium
448 3039 605 3109 consulem,
634 3039 682 3096 cui
712 3039 862 3115 ingenium
883 3039 975 3114 magis
995 3039 1130 3114 populare
1224 3091 1228 3098 ,

160 3131 231 3180 erat
245 3135 335 3186 orare,
350 3128 381 3172 ut
395 3117 481 3174 tantis
492 3118 718 3176 circumventam
727 3117 882 3174 terroribus
896 3118 1043 3206 expediret
1057 3135 1131 3174 rem·

160 3193 320 3270 publicam
357 3194 436 3251 Tum
451 3195 562 3262 consul,
584 3197 670 3254 misso
691 3207 802 3262 senatu,
824 3195 854 3252 in
876 3197 1046 3253 concionem
1067 3213 1130 3270 pro·
1140 3213 1167 3252 as

161 3272 219 3330 dit:
253 3271 293 3330 ibi
317 3290 394 3328 curae
415 3292 478 3329 esse
494 3274 625 3331 Patribus
644 3275 779 3370 ostendit,
801 3284 832 3332 ut
852 3274 1016 3332 consulatur
1038 3273 1130 3348 plebi:

161 3349 300 3409 caeterum
319 3350 517 3408 deliberationi
541 3353 577 3409 de
598 3353 725 3409 maxima
732 3352 861 3428 quidem
882 3351 939 3418 illa,
961 3353 1012 3409 sed
1033 3363 1130 3408 tamen

161 3441 240 3504 parte
254 3428 387 3494 civitatis,
402 3440 511 3486 metum
524 3449 576 3505 pro
594 3431 727 3488 universa
749 3431 925 3505 republica
918 3429 1126 3496 intervenisse3

161 3525 218 3564 uec
231 3525 324 3580 posse,
346 3527 434 3580 quum
457 3508 553 3566 hostes
567 3528 653 3598 prope
675 3510 820 3584 adportas
840 3519 945 3572 essent.
968 3505 1041 3561 bello
1062 3523 1131 3579 prae·

161 3585 279 3642 vertisse
293 3585 467 3675 quidquam.
500 3606 566 3654 nec,
588 3587 611 3643 si
626 3587 663 3644 sit
686 3585 840 3644 laxamenti
861 3583 977 3657 aliquid,
992 3595 1041 3640 aut
1054 3582 1166 3680 plebiae

162 3663 315 3720 honestum
318 3683 402 3748 esse,
417 3663 471 3721 nisi
487 3666 620 3722 mercede
634 3663 714 3740 prius
734 3663 862 3736 accepta,
885 3681 963 3718 arma
977 3681 1027 3736 pro
1042 3661 1131 3738 patria

161 3759 220 3799 uon
241 3760 369 3819 cepisse,
403 3761 497 3818 neque
517 3743 650 3800 Patribus
677 3743 746 3800 satis
775 3741 920 3812 decorum,
950 3759 1001 3816 per
1022 3751 1130 3796 metum
