<?xml version="1.0" encoding="UTF-8"?>
<!DOCTYPE html PUBLIC "-//W3C//DTD XHTML 1.0 Transitional//EN"
    "http://www.w3.org/TR/xhtml1/DTD/xhtml1-transitional.dtd">
<html xmlns="http://www.w3.org/1999/xhtml" xml:lang="en" lang="en">
 <head>
  <title>
</title>
<meta http-equiv="Content-Type" content="text/html;charset=utf-8" />
  <meta name='ocr-system' content='tesseract 3.04.00' />
  <meta name='ocr-capabilities' content='ocr_page ocr_carea ocr_par ocr_line ocrx_word'/>
</head>
<body>
  <div class='ocr_page' id='page_1' title='image "./historiarumetse01livygoog_0200.png"; bbox 0 0 2630 4228; ppageno 0'>
   <div class='ocr_carea' id='block_1_1' title="bbox 480 401 1157 468">
    <p class='ocr_par' dir='ltr' id='par_1_1' title="bbox 480 401 1157 468">
     <span class='ocr_line' id='line_1_1' title="bbox 480 401 1157 468; baseline 0.022 -16"><span class='ocrx_word' id='word_1_1' title='bbox 480 401 583 454; x_wconf 78' lang='lat' dir='ltr'>LIBER</span> <span class='ocrx_word' id='word_1_2' title='bbox 599 401 671 454; x_wconf 85' lang='lat' dir='ltr'>XXI.</span> <span class='ocrx_word' id='word_1_3' title='bbox 690 420 751 455; x_wconf 77' lang='lat' dir='ltr'><strong>cna.</strong></span> <span class='ocrx_word' id='word_1_4' title='bbox 763 419 835 458; x_wconf 74' lang='lat' dir='ltr'><strong>xant.</strong></span> <span class='ocrx_word' id='word_1_5' title='bbox 1099 409 1157 468; x_wconf 80' lang='lat'><strong>187</strong></span> 
     </span>
    </p>
   </div>
   <div class='ocr_carea' id='block_1_2' title="bbox 125 537 1221 2247">
    <p class='ocr_par' dir='ltr' id='par_1_2' title="bbox 125 537 1221 2247">
     <span class='ocr_line' id='line_1_2' title="bbox 191 537 1156 621; baseline 0.009 -26"><span class='ocrx_word' id='word_1_6' title='bbox 191 545 219 576; x_wconf 82' lang='lat'><strong>·“</strong></span> <span class='ocrx_word' id='word_1_7' title='bbox 227 537 294 597; x_wconf 81' lang='lat' dir='ltr'><strong>victi</strong></span> <span class='ocrx_word' id='word_1_8' title='bbox 307 550 383 602; x_wconf 87' lang='lat' dir='ltr'><strong>sunt.</strong></span> <span class='ocrx_word' id='word_1_9' title='bbox 424 541 500 600; x_wconf 87' lang='lat' dir='ltr'><strong>Nam</strong></span> <span class='ocrx_word' id='word_1_10' title='bbox 513 545 629 620; x_wconf 88' lang='lat' dir='ltr'><strong>dempto</strong></span> <span class='ocrx_word' id='word_1_11' title='bbox 641 545 696 603; x_wconf 91' lang='lat' dir='ltr'><strong>hoc</strong></span> <span class='ocrx_word' id='word_1_12' title='bbox 710 565 767 604; x_wconf 91' lang='lat' dir='ltr'><strong>uuo</strong></span> <span class='ocrx_word' id='word_1_13' title='bbox 781 545 890 621; x_wconf 78' lang='lat' dir='ltr'><strong>fulgore</strong></span> <span class='ocrx_word' id='word_1_14' title='bbox 911 543 1034 605; x_wconf 87' lang='lat' dir='ltr'><strong>nominis</strong></span> <span class='ocrx_word' id='word_1_15' title='bbox 1048 545 1156 604; x_wconf 81' lang='lat' dir='ltr'><strong>Rorna-</strong></span> 
     </span>
     <span class='ocr_line' id='line_1_3' title="bbox 198 617 1156 698; baseline 0.008 -26"><span class='ocrx_word' id='word_1_16' title='bbox 198 617 267 689; x_wconf 83' lang='lat' dir='ltr'><strong>“ni,</strong></span> <span class='ocrx_word' id='word_1_17' title='bbox 291 619 359 692; x_wconf 93' lang='lat' dir='ltr'><strong>quid</strong></span> <span class='ocrx_word' id='word_1_18' title='bbox 380 630 431 690; x_wconf 89' lang='lat' dir='ltr'><strong>est,</strong></span> <span class='ocrx_word' id='word_1_19' title='bbox 456 640 507 678; x_wconf 90' lang='lat' dir='ltr'><strong>cur</strong></span> <span class='ocrx_word' id='word_1_20' title='bbox 528 622 567 678; x_wconf 93' lang='lat' dir='ltr'><strong>illi</strong></span> <span class='ocrx_word' id='word_1_21' title='bbox 591 623 670 679; x_wconf 84' lang='lat' dir='ltr'><strong>vobis</strong></span> <span class='ocrx_word' id='word_1_22' title='bbox 691 623 873 698; x_wconf 86' lang='lat' dir='ltr'><strong>comparandi</strong></span> <span class='ocrx_word' id='word_1_23' title='bbox 894 624 971 680; x_wconf 87' lang='lat' dir='ltr'><strong>sintl</strong></span> <span class='ocrx_word' id='word_1_24' title='bbox 1013 621 1051 680; x_wconf 90' lang='lat' dir='ltr'><strong>Ut</strong></span> <span class='ocrx_word' id='word_1_25' title='bbox 1065 622 1156 698; x_wconf 86' lang='lat' dir='ltr'><strong>vigin-</strong></span> 
     </span>
     <span class='ocr_line' id='line_1_4' title="bbox 198 693 1156 770; baseline 0.006 -20"><span class='ocrx_word' id='word_1_26' title='bbox 198 701 217 728; x_wconf 80' lang='lat'><strong>⁸¹</strong></span> <span class='ocrx_word' id='word_1_27' title='bbox 227 693 248 750; x_wconf 92' lang='lat' dir='ltr'><strong>ti</strong></span> <span class='ocrx_word' id='word_1_28' title='bbox 278 713 418 754; x_wconf 84' lang='lat' dir='ltr'><strong>annorum</strong></span> <span class='ocrx_word' id='word_1_29' title='bbox 444 699 574 756; x_wconf 87' lang='lat' dir='ltr'><strong>militiam</strong></span> <span class='ocrx_word' id='word_1_30' title='bbox 608 711 727 756; x_wconf 86' lang='lat' dir='ltr'><strong>vestram</strong></span> <span class='ocrx_word' id='word_1_31' title='bbox 761 717 826 756; x_wconf 91' lang='lat' dir='ltr'><strong>cum</strong></span> <span class='ocrx_word' id='word_1_32' title='bbox 862 700 911 757; x_wconf 77' lang='lat' dir='ltr'><strong>ills</strong></span> <span class='ocrx_word' id='word_1_33' title='bbox 943 700 1054 770; x_wconf 87' lang='lat' dir='ltr'><strong>virtute,</strong></span> <span class='ocrx_word' id='word_1_34' title='bbox 1088 717 1156 756; x_wconf 90' lang='lat' dir='ltr'><strong>cum</strong></span> 
     </span>
     <span class='ocr_line' id='line_1_5' title="bbox 198 771 1156 847; baseline 0.009 -21"><span class='ocrx_word' id='word_1_35' title='bbox 198 771 272 828; x_wconf 74' lang='lat' dir='ltr'><strong>“ills</strong></span> <span class='ocrx_word' id='word_1_36' title='bbox 294 772 404 833; x_wconf 70' lang='lat' dir='ltr'><strong>fortuna</strong></span> <span class='ocrx_word' id='word_1_37' title='bbox 424 785 557 845; x_wconf 78' lang='lat' dir='ltr'><strong>taceam3</strong></span> <span class='ocrx_word' id='word_1_38' title='bbox 591 778 627 833; x_wconf 89' lang='lat' dir='ltr'><strong>ab</strong></span> <span class='ocrx_word' id='word_1_39' title='bbox 654 777 789 833; x_wconf 89' lang='lat' dir='ltr'><strong>Herculis</strong></span> <span class='ocrx_word' id='word_1_40' title='bbox 808 777 957 847; x_wconf 88' lang='lat' dir='ltr'><strong>columnis,</strong></span> <span class='ocrx_word' id='word_1_41' title='bbox 979 777 1016 833; x_wconf 87' lang='lat' dir='ltr'><strong>ab</strong></span> <span class='ocrx_word' id='word_1_42' title='bbox 1035 777 1156 835; x_wconf 85' lang='lat' dir='ltr'><strong>Oceano</strong></span> 
     </span>
     <span class='ocr_line' id='line_1_6' title="bbox 175 849 1157 928; baseline 0.007 -24"><span class='ocrx_word' id='word_1_43' title='bbox 175 849 410 924; x_wconf 73' lang='lat' dir='ltr'><strong>5⁴‘terminisque</strong></span> <span class='ocrx_word' id='word_1_44' title='bbox 424 852 530 909; x_wconf 85' lang='lat' dir='ltr'><strong>ultimis</strong></span> <span class='ocrx_word' id='word_1_45' title='bbox 549 864 695 920; x_wconf 90' lang='lat' dir='ltr'><strong>terrarum,</strong></span> <span class='ocrx_word' id='word_1_46' title='bbox 717 871 767 928; x_wconf 87' lang='lat' dir='ltr'><strong>per</strong></span> <span class='ocrx_word' id='word_1_47' title='bbox 788 864 829 910; x_wconf 92' lang='lat' dir='ltr'><strong>tot</strong></span> <span class='ocrx_word' id='word_1_48' title='bbox 843 854 1033 911; x_wconf 85' lang='lat' dir='ltr'><strong>ferocissimos</strong></span> <span class='ocrx_word' id='word_1_49' title='bbox 1054 854 1157 928; x_wconf 87' lang='lat' dir='ltr'><strong>Hispa·</strong></span> 
     </span>
     <span class='ocr_line' id='line_1_7' title="bbox 198 925 1157 1014; baseline 0.008 -34"><span class='ocrx_word' id='word_1_50' title='bbox 198 925 281 1014; x_wconf 80' lang='lat' dir='ltr'><strong>“niae</strong></span> <span class='ocrx_word' id='word_1_51' title='bbox 295 937 323 984; x_wconf 90' lang='lat' dir='ltr'><strong>et</strong></span> <span class='ocrx_word' id='word_1_52' title='bbox 336 927 437 986; x_wconf 81' lang='lat' dir='ltr'><strong>Galliae</strong></span> <span class='ocrx_word' id='word_1_53' title='bbox 457 929 584 1004; x_wconf 87' lang='lat' dir='ltr'><strong>populos,</strong></span> <span class='ocrx_word' id='word_1_54' title='bbox 599 931 746 988; x_wconf 86' lang='lat' dir='ltr'><strong>vincentes</strong></span> <span class='ocrx_word' id='word_1_55' title='bbox 760 932 817 988; x_wconf 89' lang='lat' dir='ltr'><strong>buc</strong></span> <span class='ocrx_word' id='word_1_56' title='bbox 837 931 1021 1005; x_wconf 86' lang='lat' dir='ltr'><strong>pervenistis:</strong></span> <span class='ocrx_word' id='word_1_57' title='bbox 1049 949 1157 1006; x_wconf 84' lang='lat' dir='ltr'><strong>pugna·</strong></span> 
     </span>
     <span class='ocr_line' id='line_1_8' title="bbox 198 1003 1157 1082; baseline 0.008 -25"><span class='ocrx_word' id='word_1_58' title='bbox 198 1009 216 1036; x_wconf 77' lang='lat'><strong>‘¹</strong></span> <span class='ocrx_word' id='word_1_59' title='bbox 227 1003 292 1058; x_wconf 87' lang='lat' dir='ltr'><strong>brtts</strong></span> <span class='ocrx_word' id='word_1_60' title='bbox 305 1022 371 1060; x_wconf 91' lang='lat' dir='ltr'><strong>cum</strong></span> <span class='ocrx_word' id='word_1_61' title='bbox 386 1007 512 1064; x_wconf 86' lang='lat' dir='ltr'><strong>exercitu</strong></span> <span class='ocrx_word' id='word_1_62' title='bbox 526 1008 627 1080; x_wconf 87' lang='lat' dir='ltr'><strong>tirone,</strong></span> <span class='ocrx_word' id='word_1_63' title='bbox 642 1008 696 1064; x_wconf 87' lang='lat' dir='ltr'><strong>hac</strong></span> <span class='ocrx_word' id='word_1_64' title='bbox 720 1008 781 1082; x_wconf 72' lang='lat' dir='ltr'><strong>ipsa</strong></span> <span class='ocrx_word' id='word_1_65' title='bbox 796 1018 892 1064; x_wconf 86' lang='lat' dir='ltr'><strong>aestate</strong></span> <span class='ocrx_word' id='word_1_66' title='bbox 901 1027 990 1075; x_wconf 81' lang='lat' dir='ltr'><strong>caeso,</strong></span> <span class='ocrx_word' id='word_1_67' title='bbox 1004 1007 1088 1078; x_wconf 87' lang='lat' dir='ltr'><strong>victo,</strong></span> <span class='ocrx_word' id='word_1_68' title='bbox 1102 1007 1157 1065; x_wconf 56' lang='lat' dir='ltr'><strong>cir⁴</strong></span> 
     </span>
     <span class='ocr_line' id='line_1_9' title="bbox 198 1083 1156 1160; baseline 0.007 -25"><span class='ocrx_word' id='word_1_69' title='bbox 198 1087 370 1139; x_wconf 84' lang='lat' dir='ltr'><strong>“cumsesso</strong></span> <span class='ocrx_word' id='word_1_70' title='bbox 391 1101 409 1139; x_wconf 90' lang='lat' dir='ltr'><strong>a</strong></span> <span class='ocrx_word' id='word_1_71' title='bbox 429 1084 527 1156; x_wconf 87' lang='lat' dir='ltr'><strong>Gallis,</strong></span> <span class='ocrx_word' id='word_1_72' title='bbox 552 1083 649 1160; x_wconf 89' lang='lat' dir='ltr'><strong>ignoto</strong></span> <span class='ocrx_word' id='word_1_73' title='bbox 669 1086 763 1142; x_wconf 88' lang='lat' dir='ltr'><strong>adhuc</strong></span> <span class='ocrx_word' id='word_1_74' title='bbox 787 1085 854 1142; x_wconf 88' lang='lat' dir='ltr'><strong>duci</strong></span> <span class='ocrx_word' id='word_1_75' title='bbox 875 1105 937 1152; x_wconf 91' lang='lat' dir='ltr'><strong>suo,</strong></span> <span class='ocrx_word' id='word_1_76' title='bbox 959 1085 1156 1160; x_wconf 78' lang='lat' dir='ltr'><strong>ignorantique</strong></span> 
     </span>
     <span class='ocr_line' id='line_1_10' title="bbox 197 1157 1156 1238; baseline 0.006 -26"><span class='ocrx_word' id='word_1_77' title='bbox 197 1165 216 1192; x_wconf 86' lang='lat'><strong>“</strong></span> <span class='ocrx_word' id='word_1_78' title='bbox 226 1157 338 1214; x_wconf 89' lang='lat' dir='ltr'><strong>ducem.</strong></span> <span class='ocrx_word' id='word_1_79' title='bbox 379 1161 428 1217; x_wconf 84' lang='lat' dir='ltr'><strong>An</strong></span> <span class='ocrx_word' id='word_1_80' title='bbox 442 1180 498 1228; x_wconf 89' lang='lat' dir='ltr'><strong>me,</strong></span> <span class='ocrx_word' id='word_1_81' title='bbox 514 1163 542 1218; x_wconf 92' lang='lat' dir='ltr'><strong>in</strong></span> <span class='ocrx_word' id='word_1_82' title='bbox 556 1163 685 1236; x_wconf 79' lang='lat' dir='ltr'><strong>praetorio</strong></span> <span class='ocrx_word' id='word_1_83' title='bbox 698 1163 794 1238; x_wconf 88' lang='lat' dir='ltr'><strong>patris,</strong></span> <span class='ocrx_word' id='word_1_84' title='bbox 808 1162 957 1219; x_wconf 78' lang='lat' dir='ltr'><strong>clarissimi</strong></span> <span class='ocrx_word' id='word_1_85' title='bbox 971 1163 1156 1236; x_wconf 79' lang='lat' dir='ltr'><strong>imperatoria,</strong></span> 
     </span>
     <span class='ocr_line' id='line_1_11' title="bbox 161 1234 1158 1314; baseline 0.006 -24"><span class='ocrx_word' id='word_1_86' title='bbox 161 1267 188 1306; x_wconf 65' lang='lat'><strong>,0</strong></span> <span class='ocrx_word' id='word_1_87' title='bbox 198 1243 216 1269; x_wconf 92' lang='grc'>“</span> <span class='ocrx_word' id='word_1_88' title='bbox 226 1234 312 1309; x_wconf 75' lang='lat' dir='ltr'><strong>prope</strong></span> <span class='ocrx_word' id='word_1_89' title='bbox 327 1248 435 1305; x_wconf 90' lang='lat' dir='ltr'><strong>natum,</strong></span> <span class='ocrx_word' id='word_1_90' title='bbox 449 1242 529 1296; x_wconf 73' lang='lat' dir='ltr'><strong>certe</strong></span> <span class='ocrx_word' id='word_1_91' title='bbox 544 1241 690 1306; x_wconf 91' lang='lat' dir='ltr'><strong>eductum,</strong></span> <span class='ocrx_word' id='word_1_92' title='bbox 704 1240 871 1296; x_wconf 74' lang='lat' dir='ltr'><strong>domitorem</strong></span> <span class='ocrx_word' id='word_1_93' title='bbox 883 1240 1030 1314; x_wconf 71' lang='lat' dir='ltr'><strong>Hispania</strong></span> <span class='ocrx_word' id='word_1_94' title='bbox 1044 1239 1158 1296; x_wconf 83' lang='lat' dir='ltr'><strong>Galliae·</strong></span> 
     </span>
     <span class='ocr_line' id='line_1_12' title="bbox 197 1314 1155 1391; baseline 0.007 -24"><span class='ocrx_word' id='word_1_95' title='bbox 197 1319 290 1386; x_wconf 86' lang='lat' dir='ltr'><strong>“que,</strong></span> <span class='ocrx_word' id='word_1_96' title='bbox 317 1314 452 1372; x_wconf 87' lang='lat' dir='ltr'><strong>victorem</strong></span> <span class='ocrx_word' id='word_1_97' title='bbox 478 1317 612 1374; x_wconf 90' lang='lat' dir='ltr'><strong>eumdem</strong></span> <span class='ocrx_word' id='word_1_98' title='bbox 638 1335 695 1373; x_wconf 91' lang='lat' dir='ltr'><strong>non</strong></span> <span class='ocrx_word' id='word_1_99' title='bbox 722 1317 888 1391; x_wconf 81' lang='lat' dir='ltr'><strong>Alpinarum</strong></span> <span class='ocrx_word' id='word_1_100' title='bbox 909 1316 994 1374; x_wconf 83' lang='lat' dir='ltr'><strong>modd</strong></span> <span class='ocrx_word' id='word_1_101' title='bbox 1015 1317 1155 1391; x_wconf 86' lang='lat' dir='ltr'><strong>gentium,</strong></span> 
     </span>
     <span class='ocr_line' id='line_1_13' title="bbox 197 1389 1158 1472; baseline 0.005 -27"><span class='ocrx_word' id='word_1_102' title='bbox 197 1389 274 1446; x_wconf 87' lang='lat' dir='ltr'><strong>“sed</strong></span> <span class='ocrx_word' id='word_1_103' title='bbox 291 1390 413 1465; x_wconf 88' lang='lat' dir='ltr'><strong>ipsarum</strong></span> <span class='ocrx_word' id='word_1_104' title='bbox 429 1392 515 1469; x_wconf 89' lang='lat' dir='ltr'><strong>(quod</strong></span> <span class='ocrx_word' id='word_1_105' title='bbox 530 1393 624 1472; x_wconf 70' lang='lat' dir='ltr'><strong>multd</strong></span> <span class='ocrx_word' id='word_1_106' title='bbox 634 1395 725 1469; x_wconf 85' lang='lat' dir='ltr'><strong>majus</strong></span> <span class='ocrx_word' id='word_1_107' title='bbox 738 1396 794 1472; x_wconf 88' lang='lat' dir='ltr'><strong>est)</strong></span> <span class='ocrx_word' id='word_1_108' title='bbox 821 1395 948 1468; x_wconf 86' lang='lat' dir='ltr'><strong>Alpium,</strong></span> <span class='ocrx_word' id='word_1_109' title='bbox 972 1413 1038 1451; x_wconf 90' lang='lat' dir='ltr'><strong>cum</strong></span> <span class='ocrx_word' id='word_1_110' title='bbox 1053 1413 1158 1450; x_wconf 86' lang='lat' dir='ltr'><strong>semes-</strong></span> 
     </span>
     <span class='ocr_line' id='line_1_14' title="bbox 185 1467 1157 1544; baseline 0.006 -22"><span class='ocrx_word' id='word_1_111' title='bbox 185 1474 215 1501; x_wconf 90' lang='grc'><strong>’“</strong></span> <span class='ocrx_word' id='word_1_112' title='bbox 225 1467 259 1523; x_wconf 90' lang='lat' dir='ltr'><strong>tri</strong></span> <span class='ocrx_word' id='word_1_113' title='bbox 287 1468 341 1525; x_wconf 91' lang='lat' dir='ltr'><strong>hoc</strong></span> <span class='ocrx_word' id='word_1_114' title='bbox 362 1471 507 1527; x_wconf 86' lang='lat' dir='ltr'><strong>conferam</strong></span> <span class='ocrx_word' id='word_1_115' title='bbox 521 1472 605 1544; x_wconf 86' lang='lat' dir='ltr'><strong>duce,</strong></span> <span class='ocrx_word' id='word_1_116' title='bbox 626 1471 769 1528; x_wconf 88' lang='lat' dir='ltr'><strong>desertore</strong></span> <span class='ocrx_word' id='word_1_117' title='bbox 789 1471 930 1528; x_wconf 74' lang='lat' dir='ltr'><strong>exercitlls</strong></span> <span class='ocrx_word' id='word_1_118' title='bbox 955 1472 1018 1528; x_wconf 83' lang='lat' dir='ltr'><strong>suil</strong></span> <span class='ocrx_word' id='word_1_119' title='bbox 1062 1471 1119 1528; x_wconf 89' lang='lat' dir='ltr'><strong>Cui</strong></span> <span class='ocrx_word' id='word_1_120' title='bbox 1133 1471 1157 1528; x_wconf 88' lang='lat' dir='ltr'><strong>si</strong></span> 
     </span>
     <span class='ocr_line' id='line_1_15' title="bbox 196 1545 1155 1624; baseline 0.006 -24"><span class='ocrx_word' id='word_1_121' title='bbox 196 1552 215 1580; x_wconf 79' lang='lat'><strong>‘⁴</strong></span> <span class='ocrx_word' id='word_1_122' title='bbox 224 1545 296 1618; x_wconf 89' lang='lat' dir='ltr'><strong>quis,</strong></span> <span class='ocrx_word' id='word_1_123' title='bbox 311 1546 433 1622; x_wconf 86' lang='lat' dir='ltr'><strong>demptis</strong></span> <span class='ocrx_word' id='word_1_124' title='bbox 454 1549 553 1624; x_wconf 86' lang='lat' dir='ltr'><strong>signis,</strong></span> <span class='ocrx_word' id='word_1_125' title='bbox 574 1549 679 1606; x_wconf 89' lang='lat' dir='ltr'><strong>Poenos</strong></span> <span class='ocrx_word' id='word_1_126' title='bbox 699 1549 901 1623; x_wconf 86' lang='lat' dir='ltr'><strong>Romanosque</strong></span> <span class='ocrx_word' id='word_1_127' title='bbox 916 1549 1001 1606; x_wconf 91' lang='lat' dir='ltr'><strong>hodie</strong></span> <span class='ocrx_word' id='word_1_128' title='bbox 1015 1549 1155 1616; x_wconf 85' lang='lat' dir='ltr'><strong>ostendat,</strong></span> 
     </span>
     <span class='ocr_line' id='line_1_16' title="bbox 163 1621 1156 1698; baseline 0.004 -21"><span class='ocrx_word' id='word_1_129' title='bbox 163 1657 186 1695; x_wconf 75' lang='lat'><strong>,5</strong></span> <span class='ocrx_word' id='word_1_130' title='bbox 196 1621 419 1698; x_wconf 82' lang='lat' dir='ltr'><strong>“ignoraturum</strong></span> <span class='ocrx_word' id='word_1_131' title='bbox 441 1639 552 1685; x_wconf 90' lang='lat' dir='ltr'><strong>certum</strong></span> <span class='ocrx_word' id='word_1_132' title='bbox 573 1627 675 1692; x_wconf 89' lang='lat' dir='ltr'><strong>habeo,</strong></span> <span class='ocrx_word' id='word_1_133' title='bbox 705 1625 796 1683; x_wconf 86' lang='lat' dir='ltr'><strong>utrius</strong></span> <span class='ocrx_word' id='word_1_134' title='bbox 826 1627 968 1683; x_wconf 76' lang='lat' dir='ltr'><strong>exercitus</strong></span> <span class='ocrx_word' id='word_1_135' title='bbox 989 1627 1025 1683; x_wconf 91' lang='lat' dir='ltr'><strong>sit</strong></span> <span class='ocrx_word' id='word_1_136' title='bbox 1045 1627 1156 1683; x_wconf 88' lang='lat' dir='ltr'><strong>consul.</strong></span> 
     </span>
     <span class='ocr_line' id='line_1_17' title="bbox 195 1699 1157 1779; baseline 0.009 -24"><span class='ocrx_word' id='word_1_137' title='bbox 195 1699 293 1756; x_wconf 86' lang='lat' dir='ltr'><strong>“Non</strong></span> <span class='ocrx_word' id='word_1_138' title='bbox 307 1719 362 1776; x_wconf 82' lang='lat' dir='ltr'><strong>ego</strong></span> <span class='ocrx_word' id='word_1_139' title='bbox 376 1703 444 1760; x_wconf 93' lang='lat' dir='ltr'><strong>illud</strong></span> <span class='ocrx_word' id='word_1_140' title='bbox 458 1705 535 1779; x_wconf 88' lang='lat' dir='ltr'><strong>parvi</strong></span> <span class='ocrx_word' id='word_1_141' title='bbox 550 1705 669 1776; x_wconf 78' lang='lat' dir='ltr'><strong>aestirno,</strong></span> <span class='ocrx_word' id='word_1_142' title='bbox 691 1705 804 1771; x_wconf 88' lang='lat' dir='ltr'><strong>milites,</strong></span> <span class='ocrx_word' id='word_1_143' title='bbox 827 1703 903 1778; x_wconf 79' lang='lat' dir='ltr'><strong>quod</strong></span> <span class='ocrx_word' id='word_1_144' title='bbox 927 1721 1012 1762; x_wconf 90' lang='lat' dir='ltr'><strong>nemo</strong></span> <span class='ocrx_word' id='word_1_145' title='bbox 1030 1703 1157 1764; x_wconf 78' lang='lat' dir='ltr'><strong>vestrum</strong></span> 
     </span>
     <span class='ocr_line' id='line_1_18' title="bbox 125 1777 1158 1856; baseline 0.006 -24"><span class='ocrx_word' id='word_1_146' title='bbox 125 1789 128 1794; x_wconf 87' lang='lat'>&#39;</span> <span class='ocrx_word' id='word_1_147' title='bbox 197 1785 216 1812; x_wconf 79' lang='lat'><strong>‘⁴</strong></span> <span class='ocrx_word' id='word_1_148' title='bbox 226 1787 279 1843; x_wconf 89' lang='lat' dir='ltr'><strong>est,</strong></span> <span class='ocrx_word' id='word_1_149' title='bbox 294 1777 376 1854; x_wconf 87' lang='lat' dir='ltr'><strong>cujus</strong></span> <span class='ocrx_word' id='word_1_150' title='bbox 389 1800 447 1839; x_wconf 90' lang='lat' dir='ltr'><strong>non</strong></span> <span class='ocrx_word' id='word_1_151' title='bbox 459 1782 630 1840; x_wconf 85' lang='lat' dir='ltr'><strong>anteoculos</strong></span> <span class='ocrx_word' id='word_1_152' title='bbox 641 1783 701 1856; x_wconf 91' lang='lat' dir='ltr'><strong>ipse</strong></span> <span class='ocrx_word' id='word_1_153' title='bbox 714 1800 789 1856; x_wconf 72' lang='lat' dir='ltr'><strong>sepe</strong></span> <span class='ocrx_word' id='word_1_154' title='bbox 804 1781 923 1838; x_wconf 90' lang='lat' dir='ltr'><strong>militare</strong></span> <span class='ocrx_word' id='word_1_155' title='bbox 937 1781 1049 1856; x_wconf 78' lang='lat' dir='ltr'><strong>aliquod</strong></span> <span class='ocrx_word' id='word_1_156' title='bbox 1061 1782 1158 1838; x_wconf 90' lang='lat' dir='ltr'><strong>edide-</strong></span> 
     </span>
     <span class='ocr_line' id='line_1_19' title="bbox 197 1854 1155 1934; baseline 0.004 -24"><span class='ocrx_word' id='word_1_157' title='bbox 197 1854 279 1911; x_wconf 87' lang='lat' dir='ltr'><strong>“rim</strong></span> <span class='ocrx_word' id='word_1_158' title='bbox 294 1855 424 1928; x_wconf 75' lang='lat' dir='ltr'><strong>facinus:</strong></span> <span class='ocrx_word' id='word_1_159' title='bbox 445 1861 492 1917; x_wconf 92' lang='lat' dir='ltr'><strong>cui</strong></span> <span class='ocrx_word' id='word_1_160' title='bbox 506 1879 563 1918; x_wconf 93' lang='lat' dir='ltr'><strong>non</strong></span> <span class='ocrx_word' id='word_1_161' title='bbox 578 1859 653 1916; x_wconf 89' lang='lat' dir='ltr'><strong>idem</strong></span> <span class='ocrx_word' id='word_1_162' title='bbox 668 1877 732 1934; x_wconf 87' lang='lat' dir='ltr'><strong>ego,</strong></span> <span class='ocrx_word' id='word_1_163' title='bbox 747 1859 856 1916; x_wconf 87' lang='lat' dir='ltr'><strong>virtutis</strong></span> <span class='ocrx_word' id='word_1_164' title='bbox 870 1869 1009 1934; x_wconf 86' lang='lat' dir='ltr'><strong>spectator</strong></span> <span class='ocrx_word' id='word_1_165' title='bbox 1017 1878 1052 1916; x_wconf 92' lang='lat' dir='ltr'><strong>ac</strong></span> <span class='ocrx_word' id='word_1_166' title='bbox 1065 1859 1155 1926; x_wconf 83' lang='lat' dir='ltr'><strong>testis,</strong></span> 
     </span>
     <span class='ocr_line' id='line_1_20' title="bbox 197 1936 1156 2012; baseline 0.004 -24"><span class='ocrx_word' id='word_1_167' title='bbox 197 1939 323 1990; x_wconf 86' lang='lat' dir='ltr'><strong>“notata</strong></span> <span class='ocrx_word' id='word_1_168' title='bbox 353 1938 526 2012; x_wconf 83' lang='lat' dir='ltr'><strong>temporibus</strong></span> <span class='ocrx_word' id='word_1_169' title='bbox 551 1937 676 2011; x_wconf 89' lang='lat' dir='ltr'><strong>locisque</strong></span> <span class='ocrx_word' id='word_1_170' title='bbox 704 1936 808 1994; x_wconf 84' lang='lat' dir='ltr'><strong>referre</strong></span> <span class='ocrx_word' id='word_1_171' title='bbox 833 1955 884 1993; x_wconf 84' lang='lat' dir='ltr'><strong>sua</strong></span> <span class='ocrx_word' id='word_1_172' title='bbox 909 1937 1013 2011; x_wconf 88' lang='lat' dir='ltr'><strong>possim</strong></span> <span class='ocrx_word' id='word_1_173' title='bbox 1043 1937 1156 1993; x_wconf 83' lang='lat' dir='ltr'><strong>decora.</strong></span> 
     </span>
     <span class='ocr_line' id='line_1_21' title="bbox 159 2009 1221 2090; baseline 0.006 -25"><span class='ocrx_word' id='word_1_174' title='bbox 159 2044 186 2083; x_wconf 58' lang='grc' dir='ltr'><em>ω</em></span> <span class='ocrx_word' id='word_1_175' title='bbox 196 2011 214 2044; x_wconf 85' lang='grc'>“</span> <span class='ocrx_word' id='word_1_176' title='bbox 224 2009 299 2090; x_wconf 82' lang='lat' dir='ltr'><strong>Cum</strong></span> <span class='ocrx_word' id='word_1_177' title='bbox 314 2011 465 2072; x_wconf 82' lang='lat' dir='ltr'><strong>laudatiae</strong></span> <span class='ocrx_word' id='word_1_178' title='bbox 480 2035 524 2074; x_wconf 87' lang='lat' dir='ltr'><strong>me</strong></span> <span class='ocrx_word' id='word_1_179' title='bbox 539 2015 640 2072; x_wconf 90' lang='lat' dir='ltr'><strong>millies</strong></span> <span class='ocrx_word' id='word_1_180' title='bbox 662 2014 839 2089; x_wconf 78' lang='lat' dir='ltr'><strong>donatisque,</strong></span> <span class='ocrx_word' id='word_1_181' title='bbox 863 2014 995 2070; x_wconf 86' lang='lat' dir='ltr'><strong>alumnus</strong></span> <span class='ocrx_word' id='word_1_182' title='bbox 1008 2013 1085 2089; x_wconf 77' lang='lat' dir='ltr'><strong>priris</strong></span> <span class='ocrx_word' id='word_1_183' title='bbox 1098 2031 1158 2070; x_wconf 87' lang='lat' dir='ltr'><strong>orn·</strong></span> <span class='ocrx_word' id='word_1_184' title='bbox 1219 2015 1221 2022; x_wconf 85' lang='lat'>&#39;</span> 
     </span>
     <span class='ocr_line' id='line_1_22' title="bbox 196 2087 1157 2176; baseline 0.006 -34"><span class='ocrx_word' id='word_1_185' title='bbox 196 2087 306 2176; x_wconf 81' lang='lat' dir='ltr'><strong>“nium</strong></span> <span class='ocrx_word' id='word_1_186' title='bbox 320 2092 553 2167; x_wconf 66' lang='lat' dir='ltr'><strong>vestrtlm&#39;qurlm</strong></span> <span class='ocrx_word' id='word_1_187' title='bbox 574 2093 734 2167; x_wconf 89' lang='lat' dir='ltr'><strong>imperator,</strong></span> <span class='ocrx_word' id='word_1_188' title='bbox 761 2091 913 2168; x_wconf 76' lang='lat' dir='ltr'><strong>procedam</strong></span> <span class='ocrx_word' id='word_1_189' title='bbox 937 2091 1000 2148; x_wconf 90' lang='lat' dir='ltr'><strong>acie</strong></span> <span class='ocrx_word' id='word_1_190' title='bbox 1022 2092 1157 2148; x_wconf 84' lang='lat' dir='ltr'><strong>adversus</strong></span> 
     </span>
     <span class='ocr_line' id='line_1_23' title="bbox 186 2170 710 2247; baseline 0.01 -27"><span class='ocrx_word' id='word_1_191' title='bbox 186 2171 216 2199; x_wconf 63' lang='lat'><strong>‘⁸‘</strong></span> <span class='ocrx_word' id='word_1_192' title='bbox 225 2175 339 2240; x_wconf 81' lang='lat' dir='ltr'><strong>ignotos</strong></span> <span class='ocrx_word' id='word_1_193' title='bbox 351 2170 424 2228; x_wconf 87' lang='lat' dir='ltr'><strong>inter</strong></span> <span class='ocrx_word' id='word_1_194' title='bbox 438 2189 470 2228; x_wconf 90' lang='lat' dir='ltr'><strong>se</strong></span> <span class='ocrx_word' id='word_1_195' title='bbox 483 2172 710 2247; x_wconf 82' lang='lat' dir='ltr'><strong>ignorantesque.</strong></span> 
     </span>
    </p>
   </div>
   <div class='ocr_carea' id='block_1_3' title="bbox 159 2322 1259 3884">
    <p class='ocr_par' dir='ltr' id='par_1_3' title="bbox 159 2322 1259 3884">
     <span class='ocr_line' id='line_1_24' title="bbox 234 2322 1158 2403; baseline 0.004 -23"><span class='ocrx_word' id='word_1_196' title='bbox 234 2322 343 2383; x_wconf 90' lang='lat' dir='ltr'><strong>XLIV.</strong></span> <span class='ocrx_word' id='word_1_197' title='bbox 385 2326 607 2403; x_wconf 77' lang='lat' dir='ltr'><strong>“Qudcumque</strong></span> <span class='ocrx_word' id='word_1_198' title='bbox 637 2326 801 2386; x_wconf 90' lang='lat' dir='ltr'><strong>circumtuli</strong></span> <span class='ocrx_word' id='word_1_199' title='bbox 828 2326 936 2394; x_wconf 88' lang='lat' dir='ltr'><strong>oculos,</strong></span> <span class='ocrx_word' id='word_1_200' title='bbox 957 2326 1042 2402; x_wconf 89' lang='lat' dir='ltr'><strong>plena</strong></span> <span class='ocrx_word' id='word_1_201' title='bbox 1060 2325 1158 2384; x_wconf 89' lang='lat' dir='ltr'><strong>omnia</strong></span> 
     </span>
     <span class='ocr_line' id='line_1_25' title="bbox 194 2399 1159 2482; baseline 0.004 -24"><span class='ocrx_word' id='word_1_202' title='bbox 194 2399 304 2463; x_wconf 85' lang='lat' dir='ltr'><strong>“video</strong></span> <span class='ocrx_word' id='word_1_203' title='bbox 318 2408 476 2463; x_wconf 90' lang='lat' dir='ltr'><strong>animorum</strong></span> <span class='ocrx_word' id='word_1_204' title='bbox 497 2425 531 2463; x_wconf 89' lang='lat' dir='ltr'><strong>ac</strong></span> <span class='ocrx_word' id='word_1_205' title='bbox 553 2406 678 2479; x_wconf 61' lang='lat' dir='ltr'><strong>roboris,</strong></span> <span class='ocrx_word' id='word_1_206' title='bbox 707 2416 870 2462; x_wconf 89' lang='lat' dir='ltr'><strong>veteranum</strong></span> <span class='ocrx_word' id='word_1_207' title='bbox 885 2405 1018 2479; x_wconf 89' lang='lat' dir='ltr'><strong>peditem,</strong></span> <span class='ocrx_word' id='word_1_208' title='bbox 1039 2423 1159 2482; x_wconf 85' lang='lat' dir='ltr'><strong>genero·</strong></span> 
     </span>
     <span class='ocr_line' id='line_1_26' title="bbox 159 2477 1158 2560; baseline 0.003 -23"><span class='ocrx_word' id='word_1_209' title='bbox 159 2477 214 2554; x_wconf 52' lang='lat' dir='ltr'><em>ff</em></span> <span class='ocrx_word' id='word_1_210' title='bbox 223 2481 397 2558; x_wconf 87' lang='lat' dir='ltr'><strong>sissimarum</strong></span> <span class='ocrx_word' id='word_1_211' title='bbox 411 2485 541 2559; x_wconf 86' lang='lat' dir='ltr'><strong>gentium</strong></span> <span class='ocrx_word' id='word_1_212' title='bbox 555 2485 664 2560; x_wconf 85' lang='lat' dir='ltr'><strong>equites</strong></span> <span class='ocrx_word' id='word_1_213' title='bbox 678 2483 803 2540; x_wconf 84' lang='lat' dir='ltr'><strong>frenatos</strong></span> <span class='ocrx_word' id='word_1_214' title='bbox 825 2497 855 2539; x_wconf 89' lang='lat' dir='ltr'><strong>et</strong></span> <span class='ocrx_word' id='word_1_215' title='bbox 873 2483 1037 2550; x_wconf 79' lang='lat' dir='ltr'><strong>infrenatos,</strong></span> <span class='ocrx_word' id='word_1_216' title='bbox 1052 2502 1101 2540; x_wconf 89' lang='lat' dir='ltr'><strong>vos</strong></span> <span class='ocrx_word' id='word_1_217' title='bbox 1114 2502 1158 2540; x_wconf 86' lang='lat' dir='ltr'><strong>so-</strong></span> 
     </span>
     <span class='ocr_line' id='line_1_27' title="bbox 194 2555 1157 2636; baseline 0 -20"><span class='ocrx_word' id='word_1_218' title='bbox 194 2555 283 2618; x_wconf 90' lang='lat' dir='ltr'><strong>“cios</strong></span> <span class='ocrx_word' id='word_1_219' title='bbox 297 2561 475 2620; x_wconf 86' lang='lat' dir='ltr'><strong>fidelissimos</strong></span> <span class='ocrx_word' id='word_1_220' title='bbox 490 2561 720 2636; x_wconf 72' lang='lat' dir='ltr'><strong>fortissimosque,</strong></span> <span class='ocrx_word' id='word_1_221' title='bbox 736 2580 784 2618; x_wconf 86' lang='lat' dir='ltr'><strong>vos</strong></span> <span class='ocrx_word' id='word_1_222' title='bbox 793 2560 1055 2635; x_wconf 84' lang='lat' dir='ltr'><strong>Carthaginienses,</strong></span> <span class='ocrx_word' id='word_1_223' title='bbox 1069 2579 1157 2635; x_wconf 89' lang='lat' dir='ltr'><strong>quum</strong></span> 
     </span>
     <span class='ocr_line' id='line_1_28' title="bbox 194 2633 1157 2714; baseline 0.001 -21"><span class='ocrx_word' id='word_1_224' title='bbox 194 2633 260 2694; x_wconf 90' lang='lat' dir='ltr'><strong>“ob</strong></span> <span class='ocrx_word' id='word_1_225' title='bbox 273 2640 402 2713; x_wconf 86' lang='lat' dir='ltr'><strong>patriam,</strong></span> <span class='ocrx_word' id='word_1_226' title='bbox 416 2649 476 2696; x_wconf 87' lang='lat' dir='ltr'><strong>turn</strong></span> <span class='ocrx_word' id='word_1_227' title='bbox 489 2640 526 2696; x_wconf 94' lang='lat' dir='ltr'><strong>ob</strong></span> <span class='ocrx_word' id='word_1_228' title='bbox 541 2641 610 2696; x_wconf 89' lang='lat' dir='ltr'><strong>iram</strong></span> <span class='ocrx_word' id='word_1_229' title='bbox 622 2639 816 2714; x_wconf 85' lang='lat' dir='ltr'><strong>justissimam,</strong></span> <span class='ocrx_word' id='word_1_230' title='bbox 830 2648 1013 2711; x_wconf 83' lang='lat' dir='ltr'><strong>pugnaturos.</strong></span> <span class='ocrx_word' id='word_1_231' title='bbox 1055 2637 1157 2694; x_wconf 82' lang='lat' dir='ltr'><strong>Inferi-</strong></span> 
     </span>
     <span class='ocr_line' id='line_1_29' title="bbox 194 2712 1155 2792; baseline -0.001 -20"><span class='ocrx_word' id='word_1_232' title='bbox 194 2712 214 2746; x_wconf 87' lang='lat'>“</span> <span class='ocrx_word' id='word_1_233' title='bbox 224 2735 288 2773; x_wconf 90' lang='lat' dir='ltr'><strong>mus</strong></span> <span class='ocrx_word' id='word_1_234' title='bbox 314 2717 430 2782; x_wconf 87' lang='lat' dir='ltr'><strong>bellum,</strong></span> <span class='ocrx_word' id='word_1_235' title='bbox 454 2717 619 2791; x_wconf 79' lang='lat' dir='ltr'><strong>infestisque</strong></span> <span class='ocrx_word' id='word_1_236' title='bbox 639 2717 729 2792; x_wconf 86' lang='lat' dir='ltr'><strong>signis</strong></span> <span class='ocrx_word' id='word_1_237' title='bbox 752 2716 954 2772; x_wconf 84' lang='lat' dir='ltr'><strong>descendimus</strong></span> <span class='ocrx_word' id='word_1_238' title='bbox 980 2714 1009 2772; x_wconf 91' lang='lat' dir='ltr'><strong>in</strong></span> <span class='ocrx_word' id='word_1_239' title='bbox 1032 2714 1155 2782; x_wconf 88' lang='lat' dir='ltr'><strong>Italiam,</strong></span> 
     </span>
     <span class='ocr_line' id='line_1_30' title="bbox 194 2790 1156 2870; baseline -0.003 -19"><span class='ocrx_word' id='word_1_240' title='bbox 194 2790 301 2852; x_wconf 79' lang='lat' dir='ltr'><strong>“tantd</strong></span> <span class='ocrx_word' id='word_1_241' title='bbox 315 2795 456 2852; x_wconf 78' lang='lat' dir='ltr'><strong>audacius</strong></span> <span class='ocrx_word' id='word_1_242' title='bbox 477 2793 630 2869; x_wconf 81' lang='lat' dir='ltr'><strong>sortitisque</strong></span> <span class='ocrx_word' id='word_1_243' title='bbox 656 2793 818 2870; x_wconf 86' lang='lat' dir='ltr'><strong>pugnaturi,</strong></span> <span class='ocrx_word' id='word_1_244' title='bbox 839 2791 944 2866; x_wconf 82' lang='lat' dir='ltr'><strong>quantd</strong></span> <span class='ocrx_word' id='word_1_245' title='bbox 973 2792 1061 2867; x_wconf 86' lang='lat' dir='ltr'><strong>major</strong></span> <span class='ocrx_word' id='word_1_246' title='bbox 1082 2811 1156 2867; x_wconf 87' lang='lat' dir='ltr'><strong>spes,</strong></span> 
     </span>
     <span class='ocr_line' id='line_1_31' title="bbox 160 2869 1158 2948; baseline -0.002 -20"><span class='ocrx_word' id='word_1_247' title='bbox 160 2904 186 2943; x_wconf 60' lang='grc' dir='ltr'>ω</span> <span class='ocrx_word' id='word_1_248' title='bbox 195 2869 214 2902; x_wconf 87' lang='grc'><strong>“</strong></span> <span class='ocrx_word' id='word_1_249' title='bbox 223 2873 311 2948; x_wconf 91' lang='lat' dir='ltr'><strong>major</strong></span> <span class='ocrx_word' id='word_1_250' title='bbox 331 2884 375 2929; x_wconf 85' lang='lat' dir='ltr'><strong>est</strong></span> <span class='ocrx_word' id='word_1_251' title='bbox 395 2873 507 2929; x_wconf 88' lang='lat' dir='ltr'><strong>animus</strong></span> <span class='ocrx_word' id='word_1_252' title='bbox 521 2872 669 2930; x_wconf 83' lang='lat' dir='ltr'><strong>inferentis</strong></span> <span class='ocrx_word' id='word_1_253' title='bbox 682 2873 748 2937; x_wconf 85' lang='lat' dir='ltr'><strong>vim,</strong></span> <span class='ocrx_word' id='word_1_254' title='bbox 760 2871 845 2946; x_wconf 75' lang='lat' dir='ltr'><strong>quiam</strong></span> <span class='ocrx_word' id='word_1_255' title='bbox 857 2870 989 2926; x_wconf 87' lang='lat' dir='ltr'><strong>arcentis.</strong></span> <span class='ocrx_word' id='word_1_256' title='bbox 1011 2870 1158 2926; x_wconf 85' lang='lat' dir='ltr'><strong>Accendit</strong></span> 
     </span>
     <span class='ocr_line' id='line_1_32' title="bbox 183 2947 1157 3024; baseline -0.002 -18"><span class='ocrx_word' id='word_1_257' title='bbox 183 2947 362 3024; x_wconf 57' lang='lat' dir='ltr'><strong>“‘praeterea</strong></span> <span class='ocrx_word' id='word_1_258' title='bbox 375 2951 486 3007; x_wconf 88' lang='lat' dir='ltr'><strong>animos</strong></span> <span class='ocrx_word' id='word_1_259' title='bbox 498 2961 528 3007; x_wconf 89' lang='lat' dir='ltr'><strong>et</strong></span> <span class='ocrx_word' id='word_1_260' title='bbox 540 2950 666 3007; x_wconf 87' lang='lat' dir='ltr'><strong>stimulat</strong></span> <span class='ocrx_word' id='word_1_261' title='bbox 683 2949 769 3020; x_wconf 90' lang='lat' dir='ltr'><strong>dolor,</strong></span> <span class='ocrx_word' id='word_1_262' title='bbox 785 2949 897 3024; x_wconf 89' lang='lat' dir='ltr'><strong>injuria,</strong></span> <span class='ocrx_word' id='word_1_263' title='bbox 913 2949 1086 3024; x_wconf 87' lang='lat' dir='ltr'><strong>indignitas:</strong></span> <span class='ocrx_word' id='word_1_264' title='bbox 1120 2948 1157 3004; x_wconf 89' lang='lat' dir='ltr'><strong>ad</strong></span> 
     </span>
     <span class='ocr_line' id='line_1_33' title="bbox 194 3025 1158 3104; baseline -0.002 -20"><span class='ocrx_word' id='word_1_265' title='bbox 194 3026 392 3104; x_wconf 85' lang='lat' dir='ltr'><strong>“supplicium</strong></span> <span class='ocrx_word' id='word_1_266' title='bbox 408 3028 635 3103; x_wconf 86' lang='lat' dir='ltr'><strong>depoposcerunt</strong></span> <span class='ocrx_word' id='word_1_267' title='bbox 649 3046 694 3084; x_wconf 90' lang='lat' dir='ltr'><strong>me</strong></span> <span class='ocrx_word' id='word_1_268' title='bbox 708 3028 811 3084; x_wconf 88' lang='lat' dir='ltr'><strong>ducem</strong></span> <span class='ocrx_word' id='word_1_269' title='bbox 833 3026 964 3100; x_wconf 76' lang='lat' dir='ltr'><strong>primum,</strong></span> <span class='ocrx_word' id='word_1_270' title='bbox 989 3025 1094 3082; x_wconf 90' lang='lat' dir='ltr'><strong>deinde</strong></span> <span class='ocrx_word' id='word_1_271' title='bbox 1108 3043 1158 3082; x_wconf 86' lang='lat' dir='ltr'><strong>vos</strong></span> 
     </span>
     <span class='ocr_line' id='line_1_34' title="bbox 195 3104 1158 3181; baseline -0.001 -20"><span class='ocrx_word' id='word_1_272' title='bbox 195 3104 214 3138; x_wconf 75' lang='lat'><strong>‘⁴</strong></span> <span class='ocrx_word' id='word_1_273' title='bbox 223 3125 332 3178; x_wconf 75' lang='lat' dir='ltr'><strong>umnec,</strong></span> <span class='ocrx_word' id='word_1_274' title='bbox 343 3106 391 3180; x_wconf 94' lang='lat' dir='ltr'><strong>qui</strong></span> <span class='ocrx_word' id='word_1_275' title='bbox 407 3107 566 3181; x_wconf 84' lang='lat' dir='ltr'><strong>Saguntum</strong></span> <span class='ocrx_word' id='word_1_276' title='bbox 578 3105 796 3181; x_wconf 82' lang='lat' dir='ltr'><strong>oppugrnissetis</strong></span> <span class='ocrx_word' id='word_1_277' title='bbox 809 3123 815 3160; x_wconf 93' lang='lat'><strong>:</strong></span> <span class='ocrx_word' id='word_1_278' title='bbox 845 3104 956 3160; x_wconf 90' lang='lat' dir='ltr'><strong>deditos</strong></span> <span class='ocrx_word' id='word_1_279' title='bbox 975 3104 1081 3161; x_wconf 91' lang='lat' dir='ltr'><strong>ultimis</strong></span> <span class='ocrx_word' id='word_1_280' title='bbox 1094 3121 1158 3162; x_wconf 89' lang='lat' dir='ltr'><strong>cru·</strong></span> 
     </span>
     <span class='ocr_line' id='line_1_35' title="bbox 195 3182 1159 3257; baseline -0.001 -18"><span class='ocrx_word' id='word_1_281' title='bbox 195 3183 345 3241; x_wconf 85' lang='lat' dir='ltr'><strong>“ciatibus</strong></span> <span class='ocrx_word' id='word_1_282' title='bbox 359 3183 487 3240; x_wconf 86' lang='lat' dir='ltr'><strong>affecturi</strong></span> <span class='ocrx_word' id='word_1_283' title='bbox 503 3184 627 3241; x_wconf 92' lang='lat' dir='ltr'><strong>fuerunt.</strong></span> <span class='ocrx_word' id='word_1_284' title='bbox 669 3183 875 3239; x_wconf 75' lang='lat' dir='ltr'><strong>crudelissima</strong></span> <span class='ocrx_word' id='word_1_285' title='bbox 896 3201 933 3238; x_wconf 85' lang='lat' dir='ltr'><strong>ac</strong></span> <span class='ocrx_word' id='word_1_286' title='bbox 956 3182 1159 3257; x_wconf 83' lang='lat' dir='ltr'><strong>superbissima</strong></span> 
     </span>
     <span class='ocr_line' id='line_1_36' title="bbox 160 3260 1157 3336; baseline -0.002 -18"><span class='ocrx_word' id='word_1_287' title='bbox 160 3261 214 3332; x_wconf 42' lang='grc' dir='ltr'><strong>ωε(</strong></span> <span class='ocrx_word' id='word_1_288' title='bbox 223 3279 294 3336; x_wconf 86' lang='lat' dir='ltr'><strong>gens</strong></span> <span class='ocrx_word' id='word_1_289' title='bbox 307 3281 359 3318; x_wconf 88' lang='lat' dir='ltr'><strong>sua</strong></span> <span class='ocrx_word' id='word_1_290' title='bbox 372 3262 469 3318; x_wconf 90' lang='lat' dir='ltr'><strong>omnia</strong></span> <span class='ocrx_word' id='word_1_291' title='bbox 482 3262 582 3336; x_wconf 88' lang='lat' dir='ltr'><strong>suique</strong></span> <span class='ocrx_word' id='word_1_292' title='bbox 596 3261 703 3318; x_wconf 85' lang='lat' dir='ltr'><strong>arbitrii</strong></span> <span class='ocrx_word' id='word_1_293' title='bbox 718 3260 795 3316; x_wconf 85' lang='lat' dir='ltr'><strong>lacit.</strong></span> <span class='ocrx_word' id='word_1_294' title='bbox 822 3319 825 3324; x_wconf 72' lang='grc'>,</span> <span class='ocrx_word' id='word_1_295' title='bbox 837 3260 911 3316; x_wconf 91' lang='lat' dir='ltr'><strong>Cum</strong></span> <span class='ocrx_word' id='word_1_296' title='bbox 926 3261 1028 3334; x_wconf 89' lang='lat' dir='ltr'><strong>quibus</strong></span> <span class='ocrx_word' id='word_1_297' title='bbox 1043 3260 1157 3330; x_wconf 90' lang='lat' dir='ltr'><strong>bellum,</strong></span> 
     </span>
     <span class='ocr_line' id='line_1_37' title="bbox 195 3338 1259 3414; baseline 0 -18"><span class='ocrx_word' id='word_1_298' title='bbox 195 3340 214 3374; x_wconf 89' lang='lat'>“</span> <span class='ocrx_word' id='word_1_299' title='bbox 224 3357 289 3396; x_wconf 90' lang='lat' dir='ltr'><strong>cum</strong></span> <span class='ocrx_word' id='word_1_300' title='bbox 303 3339 406 3414; x_wconf 90' lang='lat' dir='ltr'><strong>quibus</strong></span> <span class='ocrx_word' id='word_1_301' title='bbox 420 3357 520 3414; x_wconf 90' lang='lat' dir='ltr'><strong>pacem</strong></span> <span class='ocrx_word' id='word_1_302' title='bbox 535 3339 699 3408; x_wconf 84' lang='lat' dir='ltr'><strong>habeamus,</strong></span> <span class='ocrx_word' id='word_1_303' title='bbox 714 3357 745 3395; x_wconf 87' lang='lat' dir='ltr'><strong>se</strong></span> <span class='ocrx_word' id='word_1_304' title='bbox 760 3338 875 3396; x_wconf 90' lang='lat' dir='ltr'><strong>modurn</strong></span> <span class='ocrx_word' id='word_1_305' title='bbox 887 3339 1033 3413; x_wconf 89' lang='lat' dir='ltr'><strong>imponere</strong></span> <span class='ocrx_word' id='word_1_306' title='bbox 1046 3356 1158 3412; x_wconf 76' lang='lat' dir='ltr'><strong>aequum</strong></span> <span class='ocrx_word' id='word_1_307' title='bbox 1255 3339 1259 3347; x_wconf 87' lang='grc'><strong>’</strong></span> 
     </span>
     <span class='ocr_line' id='line_1_38' title="bbox 194 3417 1158 3491; baseline -0.001 -16"><span class='ocrx_word' id='word_1_308' title='bbox 194 3417 214 3454; x_wconf 85' lang='lat'><strong>“</strong></span> <span class='ocrx_word' id='word_1_309' title='bbox 223 3428 342 3475; x_wconf 84' lang='lat' dir='ltr'><strong>censet:</strong></span> <span class='ocrx_word' id='word_1_310' title='bbox 372 3417 582 3474; x_wconf 86' lang='lat' dir='ltr'><strong>circumscribit</strong></span> <span class='ocrx_word' id='word_1_311' title='bbox 602 3417 777 3491; x_wconf 87' lang='lat' dir='ltr'><strong>includitque</strong></span> <span class='ocrx_word' id='word_1_312' title='bbox 797 3435 850 3474; x_wconf 89' lang='lat' dir='ltr'><strong>nos</strong></span> <span class='ocrx_word' id='word_1_313' title='bbox 869 3417 998 3474; x_wconf 89' lang='lat' dir='ltr'><strong>terminis</strong></span> <span class='ocrx_word' id='word_1_314' title='bbox 1019 3417 1158 3474; x_wconf 89' lang='lat' dir='ltr'><strong>montium</strong></span> 
     </span>
     <span class='ocr_line' id='line_1_39' title="bbox 194 3493 1158 3570; baseline -0.001 -18"><span class='ocrx_word' id='word_1_315' title='bbox 194 3493 440 3569; x_wconf 83' lang='lat' dir='ltr'><strong>“fluminumque,</strong></span> <span class='ocrx_word' id='word_1_316' title='bbox 461 3513 531 3570; x_wconf 90' lang='lat' dir='ltr'><strong>quos</strong></span> <span class='ocrx_word' id='word_1_317' title='bbox 551 3513 588 3551; x_wconf 87' lang='lat' dir='ltr'><strong>ne</strong></span> <span class='ocrx_word' id='word_1_318' title='bbox 609 3495 802 3563; x_wconf 80' lang='lat' dir='ltr'><strong>excedamus3</strong></span> <span class='ocrx_word' id='word_1_319' title='bbox 833 3513 926 3568; x_wconf 89' lang='lat' dir='ltr'><strong>neque</strong></span> <span class='ocrx_word' id='word_1_320' title='bbox 947 3513 1005 3565; x_wconf 89' lang='lat' dir='ltr'><strong>eos,</strong></span> <span class='ocrx_word' id='word_1_321' title='bbox 1019 3513 1089 3569; x_wconf 91' lang='lat' dir='ltr'><strong>quos</strong></span> <span class='ocrx_word' id='word_1_322' title='bbox 1102 3506 1158 3552; x_wconf 89' lang='lat' dir='ltr'><strong>sta-</strong></span> 
     </span>
     <span class='ocr_line' id='line_1_40' title="bbox 195 3572 1157 3646; baseline -0.001 -15"><span class='ocrx_word' id='word_1_323' title='bbox 195 3577 215 3611; x_wconf 85' lang='lat'><strong>‘⁴</strong></span> <span class='ocrx_word' id='word_1_324' title='bbox 224 3575 287 3646; x_wconf 79' lang='lat' dir='ltr'><strong>urit,</strong></span> <span class='ocrx_word' id='word_1_325' title='bbox 301 3574 438 3631; x_wconf 87' lang='lat' dir='ltr'><strong>terminos</strong></span> <span class='ocrx_word' id='word_1_326' title='bbox 451 3573 589 3631; x_wconf 80' lang='lat' dir='ltr'><strong>observat.</strong></span> <span class='ocrx_word' id='word_1_327' title='bbox 631 3576 639 3608; x_wconf 87' lang='lat'>‘</span> <span class='ocrx_word' id='word_1_328' title='bbox 652 3573 680 3630; x_wconf 95' lang='lat' dir='ltr'><strong>N</strong></span> <span class='ocrx_word' id='word_1_329' title='bbox 683 3593 699 3630; x_wconf 86' lang='lat' dir='ltr'><strong>e</strong></span> <span class='ocrx_word' id='word_1_330' title='bbox 713 3574 858 3630; x_wconf 85' lang='lat' dir='ltr'><strong>transieris</strong></span> <span class='ocrx_word' id='word_1_331' title='bbox 872 3573 988 3630; x_wconf 89' lang='lat' dir='ltr'><strong>Iberum</strong></span> <span class='ocrx_word' id='word_1_332' title='bbox 1002 3593 1008 3630; x_wconf 93' lang='lat'><strong>:</strong></span> <span class='ocrx_word' id='word_1_333' title='bbox 1038 3572 1157 3646; x_wconf 88' lang='lat' dir='ltr'><strong>nequid</strong></span> 
     </span>
     <span class='ocr_line' id='line_1_41' title="bbox 160 3651 1158 3727; baseline -0.003 -18"><span class='ocrx_word' id='word_1_334' title='bbox 160 3653 282 3722; x_wconf 75' lang='lat' dir='ltr'><strong>40“‘rci</strong></span> <span class='ocrx_word' id='word_1_335' title='bbox 296 3652 347 3708; x_wconf 91' lang='lat' dir='ltr'><strong>tibi</strong></span> <span class='ocrx_word' id='word_1_336' title='bbox 361 3653 478 3710; x_wconf 89' lang='lat' dir='ltr'><strong>sitoum</strong></span> <span class='ocrx_word' id='word_1_337' title='bbox 490 3651 665 3727; x_wconf 84' lang='lat' dir='ltr'><strong>Saguntinis.</strong></span> <span class='ocrx_word' id='word_1_338' title='bbox 707 3652 755 3708; x_wconf 89' lang='lat' dir='ltr'><strong>Ad</strong></span> <span class='ocrx_word' id='word_1_339' title='bbox 780 3651 895 3708; x_wconf 87' lang='lat' dir='ltr'><strong>Iberum</strong></span> <span class='ocrx_word' id='word_1_340' title='bbox 918 3661 962 3708; x_wconf 87' lang='lat' dir='ltr'><strong>est</strong></span> <span class='ocrx_word' id='word_1_341' title='bbox 980 3652 1158 3726; x_wconf 84' lang='lat' dir='ltr'><strong>Saguntum:</strong></span> 
     </span>
     <span class='ocr_line' id='line_1_42' title="bbox 195 3727 1159 3804; baseline -0.002 -16"><span class='ocrx_word' id='word_1_342' title='bbox 195 3734 215 3770; x_wconf 86' lang='lat'><strong>“</strong></span> <span class='ocrx_word' id='word_1_343' title='bbox 224 3733 233 3766; x_wconf 89' lang='lat'>‘</span> <span class='ocrx_word' id='word_1_344' title='bbox 242 3747 382 3803; x_wconf 90' lang='lat' dir='ltr'><strong>nusquam</strong></span> <span class='ocrx_word' id='word_1_345' title='bbox 396 3747 425 3788; x_wconf 87' lang='lat' dir='ltr'><strong>te</strong></span> <span class='ocrx_word' id='word_1_346' title='bbox 438 3730 557 3804; x_wconf 85' lang='lat' dir='ltr'><strong>vestigio</strong></span> <span class='ocrx_word' id='word_1_347' title='bbox 570 3730 706 3789; x_wconf 67' lang='lat' dir='ltr'><strong>moveris!</strong></span> <span class='ocrx_word' id='word_1_348' title='bbox 748 3729 870 3786; x_wconf 86' lang='lat' dir='ltr'><strong>‘Parum</strong></span> <span class='ocrx_word' id='word_1_349' title='bbox 883 3739 938 3802; x_wconf 85' lang='lat' dir='ltr'><strong>est,</strong></span> <span class='ocrx_word' id='word_1_350' title='bbox 950 3729 1024 3802; x_wconf 85' lang='lat' dir='ltr'><strong>qudd</strong></span> <span class='ocrx_word' id='word_1_351' title='bbox 1045 3727 1159 3786; x_wconf 85' lang='lat' dir='ltr'><strong>veterri-</strong></span> 
     </span>
     <span class='ocr_line' id='line_1_43' title="bbox 196 3797 1158 3884; baseline -0.004 -16"><span class='ocrx_word' id='word_1_352' title='bbox 196 3813 215 3848; x_wconf 89' lang='lat'><strong>“</strong></span> <span class='ocrx_word' id='word_1_353' title='bbox 224 3813 232 3845; x_wconf 89' lang='lat'>‘</span> <span class='ocrx_word' id='word_1_354' title='bbox 242 3827 304 3868; x_wconf 88' lang='lat' dir='ltr'><strong>mas</strong></span> <span class='ocrx_word' id='word_1_355' title='bbox 317 3807 476 3884; x_wconf 85' lang='lat' dir='ltr'><strong>provincias</strong></span> <span class='ocrx_word' id='word_1_356' title='bbox 491 3827 568 3866; x_wconf 89' lang='lat' dir='ltr'><strong>meas</strong></span> <span class='ocrx_word' id='word_1_357' title='bbox 583 3797 710 3866; x_wconf 86' lang='lat' dir='ltr'><strong>Siciliam</strong></span> <span class='ocrx_word' id='word_1_358' title='bbox 725 3818 754 3864; x_wconf 89' lang='lat' dir='ltr'><strong>et</strong></span> <span class='ocrx_word' id='word_1_359' title='bbox 768 3806 928 3864; x_wconf 83' lang='lat' dir='ltr'><strong>Sardiniam</strong></span> <span class='ocrx_word' id='word_1_360' title='bbox 941 3805 1059 3862; x_wconf 83' lang='lat' dir='ltr'><strong>adimis:</strong></span> <span class='ocrx_word' id='word_1_361' title='bbox 1072 3807 1158 3864; x_wconf 89' lang='lat' dir='ltr'><strong>etiam</strong></span> 
     </span>
    </p>
   </div>
   <div class='ocr_carea' id='block_1_4' title="bbox 0 0 1320 4228">
    <p class='ocr_par' dir='ltr' id='par_1_4' title="bbox 0 0 1320 4228">
     <span class='ocr_line' id='line_1_44' title="bbox 0 0 1320 4228; baseline 0 0"><span class='ocrx_word' id='word_1_362' title='bbox 0 0 1320 4228; x_wconf 95' lang='lat' dir='ltr'><strong> </strong></span> 
     </span>
    </p>
   </div>
  </div>
 </body>
</html>
