2632 4224
524 385 631 438 LIBER
648 387 682 438 11.
715 403 777 439 car.
788 403 876 440 xxxix.
1146 395 1187 454 77

216 527 324 586 dumne
344 529 438 600 suerit,
452 533 537 606 quam
550 531 677 606 potuisse
692 532 811 589 arbitror
825 531 895 599 lieri,
917 543 956 603 ut,
972 531 1186 592 conditionibus

216 607 332 664 laxandi
347 627 500 678 annonam,
515 621 545 666 et
566 610 749 667 tribuniciam
771 621 949 684 potestatem,
963 623 992 668 et
1004 611 1102 668 omnia
1116 612 1186 670 invi-

215 685 254 741 tis
265 686 331 761 jura
344 686 475 762 imposita
489 687 829 814 Patres-qpmerentpibi.

637 767 771 831 Westfpst

257 841 386 900 XXXV.
408 844 446 900 Et
459 844 572 900 senatui
585 843 671 900 nimis
685 842 765 901 atrbii
780 845 839 901 visa
861 844 1003 902 sententia
1017 855 1069 910 est,
1084 855 1113 901 et
1127 845 1185 920 ple·

193 919 282 976 abem
296 921 338 978 ira
352 922 440 998 prope
455 923 582 980 armavit.
624 926 642 956 ‘⁴
655 922 744 978 Fame
759 923 868 998 sejam,
890 923 965 979 sicut
986 924 1090 989 hostes,
1105 925 1162 998 peti
1175 943 1184 994 ς

216 999 310 1056 “cibo
324 1000 458 1074 victuque
474 999 597 1056 fraudari
610 1019 618 1068 3
650 1001 832 1076 peregrinum
848 1001 1110 1075 frumentumque
1125 1002 1185 1059 sola

215 1077 380 1134 “alimenta
394 1097 428 1134 ex
441 1079 584 1152 insperato
598 1078 711 1135 fortuna
724 1079 844 1150 dederit,
870 1079 906 1134 ab
929 1098 978 1136 ore
992 1079 1063 1154 rapi,
1079 1079 1134 1136 nisi
1149 1080 1184 1137 C.

216 1155 357 1212 “Marcio
370 1156 458 1213 vincti
480 1157 620 1213 dedantur
640 1157 758 1247 tribpni,
781 1157 892 1238 qisi'de
913 1167 993 1234 tergo
1013 1157 1105 1231 plebis
1124 1157 1185 1214 Ro-

216 1237 236 1268 “
248 1253 339 1290 manae
353 1235 478 1292 satisfiat.
521 1233 597 1291 Enna
611 1235 665 1291 sibi
680 1228 845 1291 cainilicem
859 1230 965 1291 'novum
979 1251 1122 1306 exortum,
1135 1236 1184 1310 qui

182 1323 207 1361 ¹⁰
217 1315 236 1348 “
245 1323 294 1369 aut
314 1313 384 1370 mori
399 1324 448 1369 aut
461 1313 567 1369 servire
582 1309 714 1398 jubeat?
757 1313 792 1369 In
814 1324 966 1369 exeuntem
989 1332 1006 1369 e
1030 1315 1112 1370 curia
1134 1314 1186 1370 im·

215 1402 298 1468 petus
312 1391 404 1448 factus
419 1402 504 1460 esset,
527 1391 557 1448 ni
578 1394 786 1466 peropportune*
807 1391 914 1448 tribuni
937 1391 1013 1448 diem
1035 1391 1183 1449 dixissent.

216 1469 260 1526 Ibi
275 1470 317 1526 ira
331 1481 375 1526 cst
385 1488 552 1544 suppressa:
582 1486 612 1528 st
633 1469 761 1544 judicem
786 1470 914 1544 quisque,
936 1488 967 1526 se
983 1470 1130 1526 dominum
1145 1469 1185 1525 vi·

215 1558 251 1604 tae
266 1547 402 1622 necisque
411 1548 521 1604 inimici
534 1547 640 1610 factum
653 1547 795 1604 videbat!
817 1588 824 1602 .
846 1588 854 1602 .
877 1591 883 1604 .
907 1591 913 1604 .
936 1589 942 1604 .
964 1547 1031 1622 lpse
1040 1567 1127 1621 quum
1137 1547 1184 1604 die

169 1673 182 1692 „
215 1627 291 1682 dicta
306 1643 363 1683 non
379 1627 501 1692 adesset,
525 1636 733 1700 perseueratum
756 1626 785 1682 in
808 1625 848 1682 ira
868 1639 919 1684 eet.
959 1623 1122 1682 l'samnatus
1136 1627 1184 1684 ab·

183 1713 281 1765 1⁵sens
296 1705 324 1760 in
340 1704 461 1760 Volscos
485 1701 746 1772 exsulawllabiit,
772 1703 908 1760 minitans
932 1705 1040 1778 patriae,
1056 1705 1185 1761 hostiles·

215 1802 269 1856 que
288 1783 347 1858 jam
369 1793 429 1838 tum
451 1782 568 1856 spiritus
589 1800 701 1856 gerens.
740 1782 917 1916 Jcnicutem
940 1782 1037 1838 Volsci
1059 1783 1183 1858 benigne

214 1863 370 1936 excepere;
392 1859 600 1935 benignidsque
616 1860 644 1916 in
660 1861 721 1916 dies
758 1840 883 1926 ditabant,
905 1859 962 1935 qud
987 1860 1075 1935 major
1098 1861 1140 1916 ira
1153 1860 1183 1917 in

214 1957 281 1996 suos
294 1937 627 2012 eminebat,crebraeque
641 1957 720 1995 nunc
734 1939 867 2012 querelae,
891 1957 970 1995 nnnc
994 1957 1078 1994 mmae
1092 1939 1184 2012 perci·
1205 1944 1210 1959 ‘

214 2014 374 2091 plebantur.
417 2016 551 2091 Hospitio
572 2017 704 2073 utebatur
728 2017 799 2074 Attii
822 2015 911 2074 Tulli.
955 2016 1054 2091 Longe
1077 2016 1101 2072 is
1123 2027 1183 2074 tum
1229 2039 1233 2046 ·

180 2103 205 2142 2]
214 2096 349 2170 princeps
364 2095 459 2151 Volsci
481 2094 606 2151 nominis
619 2106 689 2166 erat,
709 2095 906 2169 Romanisque
921 2112 1032 2169 semper
1047 2094 1182 2151 infestus:

214 2175 262 2244 ita,
278 2192 365 2248 quum
379 2173 498 2230 alterum
514 2183 595 2230 vetus
608 2173 717 2240 odium,
739 2173 860 2230 alterum
883 2173 925 2230 ira
938 2191 1040 2229 recens
1054 2172 1181 2230 stimula-

213 2262 266 2318 ret,
282 2251 402 2309 consilia
415 2251 566 2308 conferunt
580 2251 616 2308 de
631 2251 766 2309 Romano
781 2251 863 2310 bello.
906 2291 1032 2309 .....

147 2353 217 2541 (l
252 2409 401 2466 XXXIX.
431 2409 621 2484 Imperatores
635 2411 670 2467 ad
686 2411 714 2468 id
739 2411 844 2470 bellum
869 2411 905 2468 de
921 2411 1049 2468 omnium
1064 2411 1183 2486 populo-

213 2506 275 2544 rum
290 2488 432 2544 sententia
453 2488 520 2544 lecti
542 2489 639 2545 Attius
661 2489 765 2546 'l'ullus
786 2501 814 2546 et
829 2491 863 2546 C.
880 2489 1009 2547 Marcius
1021 2489 1101 2546 exsul
1123 2489 1183 2546 Ro-

178 2579 203 2618 as
213 2585 324 2632 manus,
340 2567 439 2640 inquo
455 2565 599 2640 aliquante
623 2567 687 2641 plus
708 2567 768 2642 spei
783 2568 945 2642 repositum.
986 2567 1085 2628 Quam
1101 2586 1181 2642 spem

213 2646 393 2718 nequaqnam
408 2643 523 2700 selellit:
553 2656 584 2702 ut
598 2643 680 2702 facile
695 2656 851 2722 appareret,
866 2646 990 2701 ducibus
1005 2645 1181 2718 validiorem,

212 2723 296 2796 quam
317 2723 455 2789 exercitu,
478 2741 538 2779 rem
562 2724 724 2781 Romanam
749 2743 821 2780 esse.
877 2723 1007 2797 Circejos
1027 2722 1192 2798 profectus*
1224 2725 1228 2732 ’
1300 2795 1301 2806 ¹

212 2801 331 2874 primum
346 2801 465 2858 colonos
480 2801 547 2858 inde
561 2801 711 2860 Romanos
732 2803 849 2877 expulit,
870 2801 1045 2874 liberamque
1059 2819 1124 2856 eam
1139 2819 1183 2858 ur·

212 2879 276 2936 bem
299 2880 414 2936 Volscis
435 2880 560 2937 tradidit.
610 2880 693 2948 Inde,
710 2881 738 2938 in
761 2879 893 2938 Latinam
916 2879 988 2935 viam
1016 2879 1183 2937 transversis

177 2957 372 3014 atramitibus
385 2969 588 3034 transgressus,
599 2959 752 3030 Satricum,
768 2959 938 3035 Longulam,
953 2957 1114 3030 Poluscam,
1128 2958 1182 3016 Co·
1228 2970 1237 2986 “

211 3035 306 3109 riolos,
331 3036 454 3111 (novella
475 3039 537 3094 haec
559 3037 701 3094 Romanis
727 3039 845 3115 oppida)
868 3036 983 3094 ademit.
1025 3035 1098 3092 Inde
1127 3037 1182 3094 La·

211 3114 320 3172 vinium
335 3115 459 3191 recepit:
480 3127 550 3172 tunc
569 3117 707 3191 deinceps
732 3117 916 3188 Corbionem,
930 3115 1086 3183 Vitelliam,
1109 3115 1182 3174 'Fre-

212 3191 298 3260 biam,
314 3193 444 3260 Lances,
461 3195 569 3251 Pedum
585 3195 679 3273 cepit,
703 3194 885 3252 Postremum
901 3195 936 3251 ad
950 3193 1057 3254 Urbem
1073 3213 1089 3252 a
1104 3193 1182 3254 Pedo

212 3271 313 3340 ducit3
340 3284 378 3338 et,
394 3274 428 3330 sd
444 3273 533 3330 fossas
549 3273 819 3348 Cluilias,'quinque
834 3273 870 3330 ab
884 3273 962 3330 Urbe
982 3273 1071 3330 millia
1084 3291 1182 3348 passu·

177 3363 271 3421 atum,
286 3352 385 3409 castris
395 3352 503 3428 positis,
524 3351 674 3427 populatur
699 3352 765 3408 inde
790 3371 895 3428 agrum·
904 3353 1071 3410 Romanum
1083 3372 1090 3422 ;
1118 3371 1182 3410 uus

211 3429 325 3488 indibus
339 3432 413 3490 inter
436 3431 615 3506 populatores
640 3430 742 3497 missis,
765 3432 813 3505 qui
831 3431 1014 3508 patriciorum
1037 3449 1120 3508 agros
1140 3432 1182 3490 in·

210 3518 302 3568 tactos
315 3522 478 3578 servarent3
501 3510 559 3567 sive
574 3509 703 3566 infensus
715 3510 791 3586 plebi
806 3511 905 3586 magis,
922 3510 980 3567 sive
993 3524 1024 3566 ut
1037 3509 1181 3568 discordia

211 3586 279 3664 inde
293 3589 368 3645 inter
382 3589 481 3645 Patres
505 3589 673 3663 plebemque
697 3589 827 3646 oriretur.
868 3589 946 3650 Quae
969 3587 1096 3664 profectd
1119 3598 1182 3646 orta

211 3677 297 3738 esset,
312 3665 384 3723 adeo
406 3667 512 3723 tribuni
533 3667 591 3742 jam
608 3667 731 3724 ferocem
756 3687 806 3742 per
828 3687 859 3725 se
873 3668 985 3742 plebem
1000 3666 1181 3724 criminando

178 3755 203 3798 4ο
213 3743 241 3802 in
256 3745 395 3820 primores
408 3745 532 3803 civitatis
546 3745 738 3822 instigabant:
771 3747 820 3802 sed
835 3757 970 3802 externus
984 3745 1078 3815 timor,
1092 3745 1181 3802 maxi·

213 3843 292 3881 mum
313 3825 476 3882 concordia
490 3823 646 3899 vinculum,
672 3825 800 3901 quamvis
826 3834 973 3900 suspectos
998 3821 1162 3897 infensosqu

527 3905 565 3960 71
952 3959 954 3967 Ι
1155 3925 1161 3938 r

425 4007 428 4016 ,

377 4017 455 4055 ’,Η

1293 3279 1295 3331 l

1288 3367 1294 3514 l

1288 3545 1292 3594 r
