2620 4220
7 1179 11 1364 t

494 345 598 395 LIBER
614 345 699 395 xxm
719 353 781 394 can.
793 359 892 394 xcrnr.
1111 349 1168 410 lm

199 488 354 556 concurrit,
365 487 490 546 minime
510 488 650 565 equestris
671 507 749 546 more
770 507 894 564 pugne:
929 487 1069 547 frontibus
1085 490 1167 548 enim

198 568 326 627 adversis
340 567 572 630 concurrendum
587 577 657 638 erat,
672 567 748 641 quia,
761 567 839 624 nullo
848 566 927 625 circb
940 569 975 624 ad
986 570 1166 644 evagandum

198 646 299 712 relicto
312 645 411 735 spatio,
427 646 495 702 hinc
510 645 611 714 amnis,
627 641 695 701 hinc
709 645 837 719 peditum
849 647 935 718 acies,
950 647 1144 704 claudebant
1136 667 1166 704 m

185 725 340 789 directum
356 725 496 813 utrimque
510 724 642 780 nitentes.
686 723 835 780 Stantibus
859 743 894 780 ac
915 693 1050 782 dunfertis
1061 736 1167 800 postre-

175 802 246 860 amb
260 803 345 862 turba
359 803 448 898 equis3
464 803 505 858 vir
526 802 615 858 virum
641 801 788 878 amplexus
812 802 979 859 detrahebat
992 822 1084 878 equo.
1119 823 1167 898 pe·

198 882 292 938 destre
313 900 419 956 magna
439 882 497 957 jam
511 899 547 937 ex
564 890 642 954 parte
664 891 811 936 certamen
835 880 942 938 sactum
957 892 1038 938 erat:
1072 881 1166 940 coritis

197 970 293 1018 tamen
308 963 396 1035 qubm
410 959 517 1016 diutius
531 969 687 1033 pugnatum
703 969 764 1027 est;
799 958 929 1034 pulsique
949 960 1075 1016 Romani
1088 961 1167 1034 equi-

197 1049 241 1095 tes
261 1049 342 1114 terga
370 1049 491 1096 vertunt.
534 1037 596 1094 Sub
616 1037 754 1111 equestris
775 1036 862 1093 tinem
886 1038 1051 1094 certaminis
1070 1049 1167 1096 coorta

197 1128 241 1174 est
254 1118 381 1192 peditum
395 1136 502 1192 pugna.
545 1116 640 1173 Primo
655 1125 684 1172 et
697 1115 804 1172 vitibus
828 1125 857 1172 et
881 1117 984 1172 animis
1002 1135 1084 1191 pares
1097 1137 1166 1174 con·

165 1210 189 1250 ιο
199 1197 311 1252 stabant
328 1196 444 1253 ordines
464 1194 555 1252 Gallis
577 1194 787 1269 Hispanisque:
816 1195 933 1254 taudem
957 1195 1094 1263 Romani,
1117 1197 1166 1253 diu

198 1293 233 1330 ac
246 1293 322 1349 saepe
334 1274 455 1346 connisi,
471 1275 551 1348 aequd
565 1273 657 1330 fronte
671 1272 790 1347 acieque
813 1273 905 1329 deusd
918 1273 1059 1348 impulere
1081 1275 1167 1332 hosti·

196 1372 245 1410 um
260 1373 386 1412 cuneum
400 1352 486 1410 nimis
499 1363 626 1418 tenuem,
651 1349 741 1426 ebque
765 1369 866 1426 parurn
880 1352 1015 1424 validum,
1029 1355 1163 1410 acaetert

196 1432 405 1522 prominentem
420 1431 499 1488 acie':
520 1430 661 1505 impulsis
681 1429 787 1486 deinde
801 1448 836 1486 ac
853 1430 962 1506 trepide
976 1430 1166 1490 referentibus

195 1511 321 1600 pedem'
314 1510 464 1568 insistere.
489 1528 524 1566 ac
538 1523 637 1566 tenore
651 1527 719 1580 uno,
733 1526 783 1586 per
798 1527 924 1584 preceps
938 1528 1040 1584 pavore
1054 1509 1166 1585 fugien·
1210 1574 1213 1580 .

163 1589 274 1646 1⁵t'ium
281 1608 394 1664 agmen,
410 1589 439 1646 in
453 1587 578 1645 mediam
592 1585 715 1662 primiiru
728 1587 821 1644 aciem
841 1587 918 1658 illati,
935 1588 1088 1680 postremo,
1104 1590 1166 1646 nul·

194 1667 223 1725 Io
243 1669 404 1734 resistente,
420 1668 455 1724 ad
470 1666 598 1724 subsidia
607 1665 750 1724 Afrorum
763 1677 973 1740 pervenerunt3
1001 1669 1050 1741 qui
1065 1669 1165 1726 utrim-

195 1765 250 1820 que
264 1747 391 1804 reductis
406 1745 664 1820 aliscoustiterant,
677 1731 792 1812 media,
813 1745 868 1819 qud
886 1745 961 1802 Galli
984 1745 1163 1820 Hispanique

195 1834 332 1881 steterant
335 1825 536 1912 ,aliquantum
550 1823 728 1898 prominente
739 1823 818 1880 acie:
840 1823 1013 1896 quicuneus
1025 1834 1056 1881 ut
1066 1825 1164 1915 pulsus

196 1903 319 1978 aequavit
345 1903 465 1960 frontem
488 1901 623 1978 primum,
645 1901 750 1958 deinde
771 1902 899 1960 nitendo
910 1903 997 1961 etiam
1017 1903 1111 1960 sinum
1134 1905 1163 1960 in

159 1991 186 2030 2⁰
195 1983 290 2040 medio
304 1980 393 2054 dedit,
408 1981 472 2038 Afri
486 1978 586 2040 cited
576 1999 635 2058 Jam
649 1999 758 2037 cornua
772 1979 919 2048 tenerent3
934 1981 1163 2056 irruentibusque

194 2060 335 2118 incaute
328 2080 358 2117 111
373 2060 500 2116 medium
517 2055 666 2129 Romanis,
681 2059 898 2116 circumdedere
911 2021 993 2126 aias;
1012 2079 1088 2130 mox,
1103 2079 1164 2118 cor-

194 2157 254 2196 nua
267 2122 457 2208 extendendo,
473 2137 603 2196 clausere
617 2149 647 2194 et
665 2137 701 2194 ab
722 2147 802 2212 tergo
817 2138 920 2197 hostes.
962 2137 1042 2195 Hinc
1056 2106 1164 2196 R'oma·

194 2218 234 2287 ni,
250 2217 379 2277 defuncti
394 2184 585 2291 nequidquam
603 2215 702 2290 proelio
725 2235 793 2305 uno,
816 2216 929 2274 omissis
952 2217 1043 2274 Gallis
1059 2217 1163 2294 Hispa-

194 2297 305 2370 nisque,
319 2315 439 2386 quorum
454 2306 534 2371 terga
547 2295 721 2366 ceciderant,
735 2295 821 2352 etiam
841 2295 976 2352 adversus
990 2295 1097 2352 Afros'
1090 2307 1163 2353 inte-

66 2417 73 2422 -
159 2383 274 2450 &gram
288 2391 413 2450 pugnam
428 2374 538 2440 ineunt,
555 2391 611 2430 non
625 2373 740 2433 tantum
754 2372 790 2430 ed
809 2373 946 2448 iniquum,
967 2375 1042 2449 qudd
1057 2373 1162 2432 inclusi

194 2455 329 2514 adversus
342 2452 541 2523 circumfusos,
556 2452 708 2510 sedetiam
722 2449 799 2526 qubd
823 2451 890 2509 sessi
915 2471 981 2510 cum
997 2454 1161 2511 recentibus

195 2549 230 2588 ac
244 2532 362 2608 vegetis,
377 2531 552 2607 pugnabant.

234 2689 378 2747 XLVIII.
412 2690 478 2747 Jam
492 2700 521 2748 et
535 2689 565 2746 in
589 2689 704 2747 sinistro
724 2679 814 2747 cornu
835 2687 979 2760 Romano,
1000 2689 1049 2746 ubi
1070 2688 1161 2746 socio-

193 2784 257 2824 rum
281 2768 393 2844 equites
413 2770 549 2826 adversus
570 2768 713 2826 Numidas
735 2778 882 2840 steterant,
903 2777 1067 2825 consertum
1088 2787 1160 2842 proe·

158 2845 262 2903 nulium
276 2857 337 2904 erat
339 2865 450 2924 ‚segne
463 2844 562 2922 primb,
577 2855 607 2903 et
620 2865 637 2902 a
651 2846 760 2904 Punice
781 2857 905 2921 coeptum
921 2846 1029 2903 fraude.
1064 2844 1160 2907 Quin-

192 2925 271 3000 genti
299 2925 388 2982 ferme
408 2925 553 2996 Numidae,
581 2935 683 3001 praeter
704 2925 786 2983 solita
809 2943 888 2982 arma
907 2925 1029 2999 telaque,
1051 2924 1160 3000 gladios

191 3003 387 3061 occultossub
400 3005 497 3061 loricis
510 2971 657 3077 habentes,
677 3003 773 3079 specie
794 3005 1000 3094 tranfugarum,
1021 3021 1108 3077 quum
1123 3003 1159 3060 ab

192 3081 251 3138 suis
254 3101 388 3157 ,parmas
402 3093 464 3157 post
484 3091 564 3157 terga
583 3050 729 3152 habdntes,
751 3078 974 3156 adequitasseut,
988 3085 1107 3157 repente
1122 3101 1159 3140 ex

192 3161 272 3234 equis
295 3160 450 3230 desiliunt;
484 3160 645 3249 parmisque
666 3156 696 3217 ct
707 3129 817 3236 ¹’jaculis
839 3161 1013 3236 antepedes
1035 3161 1157 3218 hostium

157 3239 334 3314 &projectis
357 3240 387 3296 iu
404 3238 533 3295 media-m
558 3239 651 3294 aciem
673 3240 793 3313 accepti,
814 3239 951 3314 ductique
976 3241 1012 3297 ad
1034 3240 1157 3314 ultimos,

191 3317 341 3374 considere
356 3317 391 3374 ab
405 3327 485 3406 tergo
497 3315 648 3406 jubentur;
670 3335 714 3384 uc,
729 3317 797 3374 dum
811 3319 941 3393 proeliurn
957 3319 992 3376 ab
1003 3319 1082 3376 omui
1097 3337 1158 3394 par·

190 3405 219 3452 te
233 3395 401 3462 conseritur,
416 3395 505 3470 quieti
525 3406 710 3460 manserunt:
742 3407 889 3472 postquam
903 3397 1031 3455 omnium
1046 3397 1157 3454 animos

190 3474 345 3563 oculosque
358 3483 548 3548 occupaverat
569 3483 725 3541 certamen,
748 3484 819 3548 tum,
840 3476 958 3552 arreptis
981 3475 1080 3543 scutis,
1094 3495 1157 3550 quae

191 3552 298 3627 passim
311 3552 385 3608 inter
399 3570 515 3609 acervos
529 3569 667 3608 caesorum
689 3565 836 3627 corporum
861 3565 947 3611 stratu
970 3564 1060 3624 erant,
1079 3571 1158 3610 aver·

156 3643 253 3686 tusam
280 3630 446 3687 adoriuntur
468 3630 630 3709 Romanam
655 3631 768 3700 aciem,
802 3644 936 3708 tergaque
957 3631 1099 3701 ferientes,
1122 3649 1157 3689 ac

190 3707 313 3782 poplites
328 3705 491 3776 caedentes,
499 3719 622 3782 stragem
642 3707 797 3784 ingentem,
815 3729 849 3766 ac
863 3711 998 3786 majorem
1013 3707 1157 3783 aliquanto

191 3803 325 3862 pavorem
339 3805 374 3844 ac
386 3785 549 3962 tumultppr,
564 3785 702 3844 fecerunt.
743 3788 851 3849 Quum
856 3789 922 3845 alibi
933 3800 1022 3846 terror
1033 3805 1067 3845 ac
1079 3787 1155 3866 fuga,
