2620 4220
464 334 568 387 LIBER
583 339 668 390 xxu.
701 350 839 390 cannas.
1079 338 1133 404 191

135 495 262 570 scum
252 474 399 536 Hannibal
411 490 503 536 castra
517 492 649 555 posuerat
663 501 762 540 aversa
782 501 800 538 a
822 479 964 538 Vulturno
978 491 1063 540 vento
1065 484 1136 572 ‚qni

136 569 157 619 tt
172 557 279 646 campis
293 557 405 618 torridis
419 557 547 614 siccitate
562 558 653 614 nubes
662 559 783 634 pulveris
794 559 880 616 vehit
915 557 949 614 Id
961 578 1049 634 quum
1064 561 1133 635 ipsis

142 634 157 679 u·
171 635 271 691 castris
292 635 524 724 percommodum
540 633 601 702 fuit,
623 647 683 692 tum
705 637 826 692 salutare
847 636 990 711 praecipud
1010 637 1135 694 futurum

142 698 240 777 *eran
255 731 342 786 quum
357 712 448 768 aciem
470 677 668 788 dirigereirt,
660 714 713 788 ipsi
736 715 836 781 aversi,
860 726 940 798 terga
964 713 1074 772 tantiam
1096 715 1136 771 af·

136 787 258 881 {flante
273 800 364 861 ventu,
387 790 415 846 in
430 802 606 848 oocaecatum
620 791 735 866 pulvere
746 791 837 848 effuso
847 789 957 848 hos'tem
973 793 1136 867 pugnaturi

142 960 157 1002 5
210 945 320 1002 XLIV.
355 946 504 1016 Consules,
532 947 600 1002 satis
630 946 782 1021 exploratis
802 943 962 1014 itineribus,
984 959 1136 1020 sequentes

138 1007 302 1096 Poenum,
312 1040 344 1081 ut
357 1036 472 1082 ventum
487 1024 523 1081 ad
537 1025 655 1082 Cannas
668 1035 721 1090 est,
737 1024 806 1080 ubi
800 1044 829 1081 ιιι
844 1036 1001 1099 conspectu
1016 1025 1137 1084 Poenum

171 1070 323 1174 habebarit,
338 1103 406 1159 bina
420 1113 512 1158 castra
526 1102 735 1168 communiunt,
760 1103 860 1159 eodem
876 1103 965 1159 serme
979 1103 1135 1192 intervallo,

171 1199 227 1268 quo
261 1181 296 1236 ad
310 1181 477 1247 Geronium,
493 1181 572 1236 sicut
581 1179 647 1236 ante
650 1180 762 1259 ‚copiis
773 1179 878 1236 divisis
902 1180 1025 1238 Aufidus
1034 1201 1134 1250 amnis,

138 1269 163 1309 10
172 1259 296 1332 utrisque
311 1258 410 1316 castris
423 1259 551 1328 affluens,
563 1225 672 1314 adituin
686 1258 867 1347 aquatoribus
880 1277 916 1314 ex
931 1252 990 1315 suri
997 1259 1136 1334 cujusque

171 1335 384 1425 opportunitate
407 1335 483 1392 haud
512 1336 589 1392 sine
603 1336 760 1392 certamine
781 1336 889 1392 dabat.
923 1354 960 1392 ex
980 1337 1137 1394 minoribus

172 1426 266 1469 tamen
295 1413 405 1484 eastris,
427 1433 489 1488 quae
510 1413 613 1502 posita
629 1423 708 1470 trans
736 1413 873 1470 Aufidum
902 1426 992 1484 erant,
1021 1413 1138 1473 liberitis

172 1492 347 1564 aquabantur
362 1492 486 1549 Romani
490 1492 578 1566 ‚quia
592 1492 653 1571 ripa
668 1491 782 1548 ulterior
805 1492 913 1548 nullum
936 1460 1057 1549 haiiebat
1073 1493 1137 1550 hos·

171 1569 242 1626 tium
262 1570 452 1645 praesidium.
490 1538 637 1626 Hannibal
669 1587 749 1659 spem
780 1580 882 1626 nactus
910 1570 981 1628 locis
1005 1571 1079 1626 natis
1100 1571 1136 1628 ad

139 1659 163 1698 1⁵
171 1659 330 1721 equestrem
345 1667 479 1723 pugnam,
493 1666 550 1722 qua
563 1659 641 1722 parte
658 1648 758 1704 virium
784 1647 907 1704 inuictus
925 1659 995 1713 erat,
1012 1648 1137 1705 facturos

171 1726 282 1800 copiam
298 1727 444 1800 pugnandi
458 1725 601 1797 consules,
614 1725 711 1800 dirigit
725 1725 828 1797 aciem,
852 1726 1021 1800 lacessitque
1034 1726 1064 1785 N
1067 1745 1137 1782 umr-

172 1803 272 1860 darum
286 1804 498 1878 procursatione
513 1805 616 1860 hostes.
658 1802 731 1860 Inde
745 1822 841 1860 rursus
855 1803 1000 1860 sollicitari
1022 1803 1137 1861 seditio-

172 1901 209 1938 ne
223 1881 336 1938 militari
361 1900 395 1940 ao
414 1882 554 1938 discordia
575 1881 726 1938 consulum
747 1881 882 1938 Romana
902 1893 1013 1950 castra;
1048 1901 1135 1954 quum

172 1958 277 2016 Paulus
292 1959 508 2034 Semproniique
522 1969 551 2016 et
565 1958 699 2014 Flaminii
714 1958 902 2015 temeritatem
919 1959 1051 2024 Varroni,
1066 1959 1137 2016 Var-

137 2046 202 2095 2⁰ro
216 2038 376 2112 speciosum
401 2038 509 2094 timidis
523 2055 557 2094 ac
578 2035 715 2111 segnibus
736 2035 858 2092 ducibus
872 2037 1036 2111 exemplum
1051 2035 1135 2094 Fabi·
1191 2049 1193 2054 ’

171 2135 219 2172 um
234 2115 387 2190 objiceret:
409 2125 613 2189 testareturque
627 2115 704 2170 Deos
719 2114 905 2188 hominesque
920 2114 976 2180 hio,
999 2122 1016 2149 “
1030 2115 1136 2171 ιιιιιιιιιιι

172 2201 191 2229 “
201 2212 290 2267 penes
304 2211 334 2248 se
349 2193 461 2266 culpam
475 2211 547 2261 esse,
561 2191 639 2266 qudd
653 2191 798 2248 Hannibal
817 2192 876 2267 jam
902 2192 978 2248 velut
992 2193 1137 2267 usucepis-

171 2276 243 2326 “set
258 2270 388 2340 Italiam;
416 2289 447 2326 se
466 2270 806 2344 constrictumacollegi
828 2270 936 2338 teneri;
969 2270 1074 2326 ferrum
1095 2281 1136 2327 at·

172 2355 254 2422 “que
268 2368 346 2405 arma
366 2348 444 2404 iratis
456 2359 485 2404 et
499 2367 626 2423 pugnare
648 2348 830 2422 cupientibus
845 2347 931 2407 adimi
952 2349 1106 2405 militibus:
1117 2348 1135 2376 ”

136 2426 227 2497 aitte,
250 2436 268 2464 “
280 2427 303 2484 si
318 2427 384 2501 quid
399 2427 532 2502 projectis
546 2445 581 2482 ac
594 2427 712 2500 proditis
725 2427 761 2482 ad
784 2426 973 2483 inconsultam
988 2438 1071 2501 atque
1086 2427 1137 2483 im·

172 2505 343 2579 “providam
364 2523 488 2579 pugnam
509 2504 670 2579 legionibus
691 2504 845 2575 accideret,
877 2524 907 2561 se
928 2505 1020 2562 omnis
1042 2505 1135 2580 culpe

171 2590 190 2619 ‘⁶
199 2593 349 2649 exsortem,
363 2583 456 2639 omnis
470 2584 587 2640 eventris
610 2583 778 2656 participem
793 2581 851 2638 fore
862 2581 880 2608 ”
905 2583 1030 2639 diceret:
1066 2589 1084 2619 ‘⁶
1097 2583 1136 2640 vi·

171 2665 190 2696 “
200 2661 287 2730 derel,
304 2671 343 2732 ut,
357 2661 459 2734 quibus
473 2660 640 2736 linguatam
654 2670 783 2734 prompta
794 2679 828 2715 ac
836 2660 995 2729 temeraria,
1011 2659 1089 2733 aeque
1105 2661 1135 2718 in

171 2743 189 2775 “
197 2739 296 2814 pugna
310 2739 437 2814 vigerent
450 2738 581 2796 manus.''
710 2757 712 2762 ·

136 2908 162 2948 ao
208 2895 301 2954 XLV.
337 2895 412 2953 Dum
428 2896 659 2955 altercationibus
673 2895 764 2972 magis
777 2893 862 2971 qudm
882 2894 1009 2952 consiliis
1023 2905 1135 2970 tempus

169 2975 277 3041 teritur,
294 2975 439 3032 Hannibal
455 2995 488 3032 en
504 2977 576 3042 acie,
591 2995 676 3050 quam
691 2975 725 3031 ad
741 2976 861 3032 multum
876 2974 933 3030 diei
947 2984 1078 3030 tenuerat
1093 2973 1135 3030 iu·

170 3063 319 3124 structam,
332 3072 419 3127 quum
434 3053 464 3110 in
478 3066 572 3111 castra
585 3065 703 3110 caeteras
718 3053 857 3126 reciperet
871 3052 977 3126 copias,
992 3051 1135 3108 Numidas

169 3131 205 3185 ad
220 3130 395 3187 invadendos
408 3150 444 3188 ex
466 3132 623 3190 minoribus
644 3131 743 3187 castris
765 3130 962 3186 Romanorum
986 3141 1135 3204 aquatores

169 3208 374 3266 transflumen
396 3210 497 3268 mittit:
528 3229 612 3284 quam
637 3209 812 3265 inconditam
835 3209 944 3266 turbam
966 3228 1054 3297 quum
1076 3209 1134 3264 vix-

135 3285 258 3344 aadurn'
252 3306 281 3342 ιιι
296 3287 385 3361 ripam
399 3307 506 3362 egressi
498 3287 644 3344 clamore
665 3305 699 3342 ac
720 3285 842 3342 tumultu
864 3286 1043 3362 fugassent,
1036 3306 1064 3342 m
1079 3297 1134 3342 sta-

169 3364 275 3421 tionem
297 3384 408 3443 quoque
423 3385 473 3440 pro
488 3366 559 3422 vallo
581 3365 702 3421 locatam
725 3375 809 3444 atque
834 3365 908 3439 ipsas
932 3384 1018 3439 prope
1039 3376 1133 3439 portas

170 3443 261 3499 evecti
275 3453 351 3499 sunt.
393 3443 427 3499 Id
440 3462 504 3499 tero
492 3441 707 3517 indignum'
683 3461 784 3531 visum,
808 3443 844 3499 ab
858 3443 1041 3500 tumultuario
1054 3441 1133 3498 auxi-

170 3519 228 3576 lio
218 3535 277 3596 jam
292 3521 378 3578 etiam
393 3532 486 3578 castra
501 3521 634 3577 Romana
647 3520 762 3577 terreri:
792 3533 823 3578 ut
844 3539 878 3576 ea
897 3519 980 3577 modd
995 3540 1052 3576 una
1066 3538 1134 3576 cau-

171 3617 212 3664 sa,
240 3618 277 3654 ne
306 3600 447 3674 extemplo
475 3600 628 3656 transirent
649 3598 766 3665 flumen,
797 3599 1009 3687 dirigerentque
1030 3598 1133 3662 aciem,

137 3678 296 3733 otenuerit
310 3677 467 3743 Romanos,
482 3661 557 3751 quiid
572 3697 683 3732 summa
706 3677 817 3750 imperii
841 3696 876 3732 eo
899 3677 945 3732 die
958 3695 1048 3763 penes
1062 3673 1134 3728 Pau-

171 3755 230 3812 lum
245 3755 337 3812 suerit.
380 3756 479 3828 Itaque
495 3756 585 3812 Varro
599 3768 709 3830 postero
724 3756 778 3820 die,
793 3754 840 3810 cui
857 3773 916 3810 sors
940 3752 1000 3826 ejus
1014 3750 1092 3808 diei
1085 3769 1134 3806 rm·
