<?xml version="1.0" encoding="UTF-8"?>
<!DOCTYPE html PUBLIC "-//W3C//DTD XHTML 1.0 Transitional//EN"
    "http://www.w3.org/TR/xhtml1/DTD/xhtml1-transitional.dtd">
<html xmlns="http://www.w3.org/1999/xhtml" xml:lang="en" lang="en">
 <head>
  <title>
</title>
<meta http-equiv="Content-Type" content="text/html;charset=utf-8" />
  <meta name='ocr-system' content='tesseract 3.04.00' />
  <meta name='ocr-capabilities' content='ocr_page ocr_carea ocr_par ocr_line ocrx_word'/>
</head>
<body>
  <div class='ocr_page' id='page_1' title='image "./historiarumetse01livygoog_0198.png"; bbox 0 0 2630 4228; ppageno 0'>
   <div class='ocr_carea' id='block_1_1' title="bbox 497 381 1162 458">
    <p class='ocr_par' dir='ltr' id='par_1_1' title="bbox 497 381 1162 458">
     <span class='ocr_line' id='line_1_1' title="bbox 497 381 1162 458; baseline 0.017 -26"><span class='ocrx_word' id='word_1_1' title='bbox 497 382 602 434; x_wconf 83' lang='lat' dir='ltr'><strong>LIBER</strong></span> <span class='ocrx_word' id='word_1_2' title='bbox 618 382 701 434; x_wconf 47' lang='lat' dir='ltr'>xxia</span> <span class='ocrx_word' id='word_1_3' title='bbox 722 397 880 458; x_wconf 61' lang='lat' dir='ltr'>caraxari.v</span> <span class='ocrx_word' id='word_1_4' title='bbox 982 447 986 458; x_wconf 89' lang='lat'><em>.</em></span> <span class='ocrx_word' id='word_1_5' title='bbox 1044 381 1050 394; x_wconf 67' lang='lat'>⁸</span> <span class='ocrx_word' id='word_1_6' title='bbox 1105 381 1162 442; x_wconf 78' lang='lat'>185</span> 
     </span>
    </p>
   </div>
   <div class='ocr_carea' id='block_1_2' title="bbox 81 521 1166 3480">
    <p class='ocr_par' dir='ltr' id='par_1_2' title="bbox 81 521 1166 3480">
     <span class='ocr_line' id='line_1_2' title="bbox 203 521 1163 598; baseline 0 -18"><span class='ocrx_word' id='word_1_7' title='bbox 203 530 224 560; x_wconf 91' lang='lat'>“</span> <span class='ocrx_word' id='word_1_8' title='bbox 232 531 388 592; x_wconf 89' lang='lat' dir='ltr'>certamen,</span> <span class='ocrx_word' id='word_1_9' title='bbox 416 521 583 598; x_wconf 85' lang='lat' dir='ltr'>improvisus</span> <span class='ocrx_word' id='word_1_10' title='bbox 609 525 745 583; x_wconf 81' lang='lat' dir='ltr'>incidisse</span> <span class='ocrx_word' id='word_1_11' title='bbox 765 526 872 597; x_wconf 87' lang='lat' dir='ltr'>videor,</span> <span class='ocrx_word' id='word_1_12' title='bbox 901 544 937 581; x_wconf 92' lang='lat' dir='ltr'>an</span> <span class='ocrx_word' id='word_1_13' title='bbox 960 539 1112 582; x_wconf 87' lang='lat' dir='ltr'>occurrere</span> <span class='ocrx_word' id='word_1_14' title='bbox 1133 523 1163 580; x_wconf 93' lang='lat' dir='ltr'>in</span> 
     </span>
     <span class='ocr_line' id='line_1_3' title="bbox 177 601 1164 675; baseline 0.003 -20"><span class='ocrx_word' id='word_1_15' title='bbox 177 635 179 642; x_wconf 48' lang='grc' dir='ltr'><strong><em>ι</em></strong></span> <span class='ocrx_word' id='word_1_16' title='bbox 204 601 359 675; x_wconf 84' lang='lat' dir='ltr'>“vestigiis</span> <span class='ocrx_word' id='word_1_17' title='bbox 384 601 472 675; x_wconf 81' lang='lat' dir='ltr'>ejusl</span> <span class='ocrx_word' id='word_1_18' title='bbox 513 602 653 660; x_wconf 78' lang='lat' dir='ltr'>lacessere</span> <span class='ocrx_word' id='word_1_19' title='bbox 680 623 714 660; x_wconf 91' lang='lat' dir='ltr'>ac</span> <span class='ocrx_word' id='word_1_20' title='bbox 734 605 846 660; x_wconf 82' lang='lat' dir='ltr'>trahere</span> <span class='ocrx_word' id='word_1_21' title='bbox 868 603 904 659; x_wconf 95' lang='lat' dir='ltr'>ad</span> <span class='ocrx_word' id='word_1_22' title='bbox 924 601 1164 658; x_wconf 83' lang='lat' dir='ltr'>decernenduml</span> 
     </span>
     <span class='ocr_line' id='line_1_4' title="bbox 205 677 1164 755; baseline 0 -21"><span class='ocrx_word' id='word_1_23' title='bbox 205 677 363 752; x_wconf 83' lang='lat' dir='ltr'>“Experiri</span> <span class='ocrx_word' id='word_1_24' title='bbox 382 678 469 753; x_wconf 87' lang='lat' dir='ltr'>jurat,</span> <span class='ocrx_word' id='word_1_25' title='bbox 495 679 587 737; x_wconf 85' lang='lat' dir='ltr'>utnim</span> <span class='ocrx_word' id='word_1_26' title='bbox 612 682 684 738; x_wconf 86' lang='lat' dir='ltr'>alios</span> <span class='ocrx_word' id='word_1_27' title='bbox 703 681 819 755; x_wconf 73' lang='lat' dir='ltr'>repente</span> <span class='ocrx_word' id='word_1_28' title='bbox 841 679 1094 754; x_wconf 78' lang='lat' dir='ltr'>Carthaginienses</span> <span class='ocrx_word' id='word_1_29' title='bbox 1114 697 1164 752; x_wconf 90' lang='lat' dir='ltr'>per</span> 
     </span>
     <span class='ocr_line' id='line_1_5' title="bbox 205 755 1165 831; baseline 0.001 -20"><span class='ocrx_word' id='word_1_30' title='bbox 205 755 332 831; x_wconf 83' lang='lat' dir='ltr'>“viginti</span> <span class='ocrx_word' id='word_1_31' title='bbox 347 775 437 813; x_wconf 90' lang='lat' dir='ltr'>annos</span> <span class='ocrx_word' id='word_1_32' title='bbox 446 768 524 814; x_wconf 80' lang='lat' dir='ltr'>terra</span> <span class='ocrx_word' id='word_1_33' title='bbox 537 759 683 815; x_wconf 88' lang='lat' dir='ltr'>edideret:</span> <span class='ocrx_word' id='word_1_34' title='bbox 704 778 740 815; x_wconf 92' lang='lat' dir='ltr'>an</span> <span class='ocrx_word' id='word_1_35' title='bbox 753 759 839 816; x_wconf 90' lang='lat' dir='ltr'>iidem</span> <span class='ocrx_word' id='word_1_36' title='bbox 853 758 920 824; x_wconf 85' lang='lat' dir='ltr'>sint,</span> <span class='ocrx_word' id='word_1_37' title='bbox 934 758 982 831; x_wconf 89' lang='lat' dir='ltr'>qui</span> <span class='ocrx_word' id='word_1_38' title='bbox 996 758 1031 813; x_wconf 91' lang='lat' dir='ltr'>ad</span> <span class='ocrx_word' id='word_1_39' title='bbox 1046 757 1165 831; x_wconf 85' lang='lat' dir='ltr'>AEgates</span> 
     </span>
     <span class='ocr_line' id='line_1_6' title="bbox 182 835 1165 910; baseline 0 -20"><span class='ocrx_word' id='word_1_40' title='bbox 182 842 431 910; x_wconf 80' lang='lat' dir='ltr'>⁵“pugnaverunt</span> <span class='ocrx_word' id='word_1_41' title='bbox 445 835 560 904; x_wconf 85' lang='lat' dir='ltr'>insulas,</span> <span class='ocrx_word' id='word_1_42' title='bbox 575 846 604 892; x_wconf 89' lang='lat' dir='ltr'>et</span> <span class='ocrx_word' id='word_1_43' title='bbox 616 855 686 910; x_wconf 92' lang='lat' dir='ltr'>quos</span> <span class='ocrx_word' id='word_1_44' title='bbox 700 837 736 892; x_wconf 90' lang='lat' dir='ltr'>ab</span> <span class='ocrx_word' id='word_1_45' title='bbox 750 837 842 910; x_wconf 84' lang='lat' dir='ltr'>Eryce</span> <span class='ocrx_word' id='word_1_46' title='bbox 862 835 1065 892; x_wconf 88' lang='lat' dir='ltr'>duodevicenis</span> <span class='ocrx_word' id='word_1_47' title='bbox 1079 835 1165 891; x_wconf 87' lang='lat' dir='ltr'>dena·</span> 
     </span>
     <span class='ocr_line' id='line_1_7' title="bbox 204 911 1165 983; baseline 0 -15"><span class='ocrx_word' id='word_1_48' title='bbox 204 921 223 947; x_wconf 97' lang='lat'>“</span> <span class='ocrx_word' id='word_1_49' title='bbox 232 911 281 968; x_wconf 90' lang='lat' dir='ltr'>riis</span> <span class='ocrx_word' id='word_1_50' title='bbox 295 912 446 970; x_wconf 73' lang='lat' dir='ltr'>aestimatos</span> <span class='ocrx_word' id='word_1_51' title='bbox 460 914 609 983; x_wconf 84' lang='lat' dir='ltr'>emisistis:</span> <span class='ocrx_word' id='word_1_52' title='bbox 640 915 780 978; x_wconf 77' lang='lat' dir='ltr'>etutrbm</span> <span class='ocrx_word' id='word_1_53' title='bbox 804 912 949 970; x_wconf 79' lang='lat' dir='ltr'>Hannibal</span> <span class='ocrx_word' id='word_1_54' title='bbox 971 913 1018 970; x_wconf 91' lang='lat' dir='ltr'>hio</span> <span class='ocrx_word' id='word_1_55' title='bbox 1032 913 1067 968; x_wconf 91' lang='lat' dir='ltr'>sit</span> <span class='ocrx_word' id='word_1_56' title='bbox 1081 931 1165 968; x_wconf 85' lang='lat' dir='ltr'>aemu·</span> 
     </span>
     <span class='ocr_line' id='line_1_8' title="bbox 205 989 1166 1066; baseline 0.001 -21"><span class='ocrx_word' id='word_1_57' title='bbox 205 998 223 1026; x_wconf 94' lang='lat'>“</span> <span class='ocrx_word' id='word_1_58' title='bbox 232 989 276 1045; x_wconf 90' lang='lat' dir='ltr'>lus</span> <span class='ocrx_word' id='word_1_59' title='bbox 289 989 421 1047; x_wconf 88' lang='lat' dir='ltr'>itinerum</span> <span class='ocrx_word' id='word_1_60' title='bbox 437 991 581 1058; x_wconf 90' lang='lat' dir='ltr'>Herculis,</span> <span class='ocrx_word' id='word_1_61' title='bbox 595 1002 627 1048; x_wconf 89' lang='lat' dir='ltr'>ut</span> <span class='ocrx_word' id='word_1_62' title='bbox 641 992 700 1066; x_wconf 88' lang='lat' dir='ltr'>ipse</span> <span class='ocrx_word' id='word_1_63' title='bbox 715 992 777 1058; x_wconf 87' lang='lat' dir='ltr'>sert,</span> <span class='ocrx_word' id='word_1_64' title='bbox 795 1011 832 1048; x_wconf 91' lang='lat' dir='ltr'>an</span> <span class='ocrx_word' id='word_1_65' title='bbox 853 990 1000 1065; x_wconf 87' lang='lat' dir='ltr'>vectigalis</span> <span class='ocrx_word' id='word_1_66' title='bbox 1013 990 1166 1064; x_wconf 87' lang='lat' dir='ltr'>stipendia·</span> 
     </span>
     <span class='ocr_line' id='line_1_9' title="bbox 204 1067 1164 1144; baseline 0.002 -22"><span class='ocrx_word' id='word_1_67' title='bbox 204 1072 223 1104; x_wconf 94' lang='lat'>“</span> <span class='ocrx_word' id='word_1_68' title='bbox 232 1067 345 1142; x_wconf 88' lang='lat' dir='ltr'>riusque</span> <span class='ocrx_word' id='word_1_69' title='bbox 359 1077 388 1124; x_wconf 91' lang='lat' dir='ltr'>et</span> <span class='ocrx_word' id='word_1_70' title='bbox 402 1086 499 1124; x_wconf 88' lang='lat' dir='ltr'>servus</span> <span class='ocrx_word' id='word_1_71' title='bbox 512 1069 607 1144; x_wconf 90' lang='lat' dir='ltr'>populi</span> <span class='ocrx_word' id='word_1_72' title='bbox 629 1070 754 1134; x_wconf 81' lang='lat' dir='ltr'>Romani</span> <span class='ocrx_word' id='word_1_73' title='bbox 779 1089 795 1126; x_wconf 88' lang='lat' dir='ltr'>a</span> <span class='ocrx_word' id='word_1_74' title='bbox 818 1080 897 1144; x_wconf 86' lang='lat' dir='ltr'>patre</span> <span class='ocrx_word' id='word_1_75' title='bbox 911 1069 1045 1125; x_wconf 89' lang='lat' dir='ltr'>relictus:</span> <span class='ocrx_word' id='word_1_76' title='bbox 1079 1087 1164 1142; x_wconf 89' lang='lat' dir='ltr'>quem</span> 
     </span>
     <span class='ocr_line' id='line_1_10' title="bbox 204 1145 1165 1224; baseline 0.003 -23"><span class='ocrx_word' id='word_1_77' title='bbox 204 1145 287 1202; x_wconf 88' lang='lat' dir='ltr'>“nii</span> <span class='ocrx_word' id='word_1_78' title='bbox 315 1146 505 1220; x_wconf 83' lang='lat' dir='ltr'>Saguntinum</span> <span class='ocrx_word' id='word_1_79' title='bbox 532 1147 626 1204; x_wconf 88' lang='lat' dir='ltr'>scelus</span> <span class='ocrx_word' id='word_1_80' title='bbox 652 1148 781 1222; x_wconf 84' lang='lat' dir='ltr'>agitaret,</span> <span class='ocrx_word' id='word_1_81' title='bbox 808 1147 962 1222; x_wconf 78' lang='lat' dir='ltr'>respiceret</span> <span class='ocrx_word' id='word_1_82' title='bbox 981 1145 1118 1224; x_wconf 68' lang='lat' dir='ltr'>pposcctd,</span> <span class='ocrx_word' id='word_1_83' title='bbox 1140 1147 1165 1204; x_wconf 90' lang='lat' dir='ltr'>si</span> 
     </span>
     <span class='ocr_line' id='line_1_11' title="bbox 172 1223 1165 1300; baseline 0.002 -22"><span class='ocrx_word' id='word_1_84' title='bbox 172 1227 289 1279; x_wconf 84' lang='lat' dir='ltr'>1⁰“non</span> <span class='ocrx_word' id='word_1_85' title='bbox 311 1223 429 1297; x_wconf 88' lang='lat' dir='ltr'>patriam</span> <span class='ocrx_word' id='word_1_86' title='bbox 451 1225 564 1292; x_wconf 86' lang='lat' dir='ltr'>victam,</span> <span class='ocrx_word' id='word_1_87' title='bbox 586 1226 702 1282; x_wconf 92' lang='lat' dir='ltr'>domum</span> <span class='ocrx_word' id='word_1_88' title='bbox 723 1226 811 1292; x_wconf 77' lang='lat' dir='ltr'>certe,</span> <span class='ocrx_word' id='word_1_89' title='bbox 825 1236 1000 1300; x_wconf 89' lang='lat' dir='ltr'>patremque,</span> <span class='ocrx_word' id='word_1_90' title='bbox 1014 1235 1043 1280; x_wconf 91' lang='lat' dir='ltr'>et</span> <span class='ocrx_word' id='word_1_91' title='bbox 1057 1224 1165 1280; x_wconf 83' lang='lat' dir='ltr'>soedera</span> 
     </span>
     <span class='ocr_line' id='line_1_12' title="bbox 205 1300 1165 1379; baseline 0.003 -23"><span class='ocrx_word' id='word_1_92' title='bbox 205 1300 406 1375; x_wconf 77' lang='lat' dir='ltr'>“Hamilcaris</span> <span class='ocrx_word' id='word_1_93' title='bbox 426 1303 658 1376; x_wconf 77' lang='lat' dir='ltr'>scriptamanu3</span> <span class='ocrx_word' id='word_1_94' title='bbox 691 1304 749 1378; x_wconf 90' lang='lat' dir='ltr'>qui,</span> <span class='ocrx_word' id='word_1_95' title='bbox 768 1303 863 1379; x_wconf 90' lang='lat' dir='ltr'>jussus</span> <span class='ocrx_word' id='word_1_96' title='bbox 884 1321 900 1358; x_wconf 90' lang='lat' dir='ltr'>a</span> <span class='ocrx_word' id='word_1_97' title='bbox 920 1303 1038 1359; x_wconf 90' lang='lat' dir='ltr'>consule</span> <span class='ocrx_word' id='word_1_98' title='bbox 1059 1312 1165 1373; x_wconf 88' lang='lat' dir='ltr'>nostro,</span> 
     </span>
     <span class='ocr_line' id='line_1_13' title="bbox 205 1378 1166 1456; baseline 0.002 -22"><span class='ocrx_word' id='word_1_99' title='bbox 205 1387 224 1414; x_wconf 95' lang='lat'>“</span> <span class='ocrx_word' id='word_1_100' title='bbox 233 1378 395 1452; x_wconf 84' lang='lat' dir='ltr'>praesidium</span> <span class='ocrx_word' id='word_1_101' title='bbox 410 1379 528 1437; x_wconf 81' lang='lat' dir='ltr'>deduxit</span> <span class='ocrx_word' id='word_1_102' title='bbox 548 1381 584 1437; x_wconf 97' lang='lat' dir='ltr'>ab</span> <span class='ocrx_word' id='word_1_103' title='bbox 604 1381 698 1456; x_wconf 85' lang='lat' dir='ltr'>Eryce</span> <span class='ocrx_word' id='word_1_104' title='bbox 710 1403 717 1450; x_wconf 88' lang='lat'>;</span> <span class='ocrx_word' id='word_1_105' title='bbox 750 1383 799 1456; x_wconf 92' lang='lat' dir='ltr'>qui</span> <span class='ocrx_word' id='word_1_106' title='bbox 813 1399 913 1456; x_wconf 86' lang='lat' dir='ltr'>graves</span> <span class='ocrx_word' id='word_1_107' title='bbox 926 1381 1070 1455; x_wconf 89' lang='lat' dir='ltr'>impositas</span> <span class='ocrx_word' id='word_1_108' title='bbox 1083 1380 1166 1436; x_wconf 84' lang='lat' dir='ltr'>victis</span> 
     </span>
     <span class='ocr_line' id='line_1_14' title="bbox 204 1456 1165 1534; baseline 0.002 -22"><span class='ocrx_word' id='word_1_109' title='bbox 204 1456 609 1534; x_wconf 81' lang='lat' dir='ltr'>“Carthaginiensibusleges</span> <span class='ocrx_word' id='word_1_110' title='bbox 623 1459 746 1518; x_wconf 84' lang='lat' dir='ltr'>fremens</span> <span class='ocrx_word' id='word_1_111' title='bbox 768 1477 944 1533; x_wconf 67' lang='lat' dir='ltr'>moerensque</span> <span class='ocrx_word' id='word_1_112' title='bbox 959 1458 1088 1532; x_wconf 79' lang='lat' dir='ltr'>accepit3</span> <span class='ocrx_word' id='word_1_113' title='bbox 1116 1457 1165 1532; x_wconf 89' lang='lat' dir='ltr'>qui</span> 
     </span>
     <span class='ocr_line' id='line_1_15' title="bbox 204 1535 1165 1612; baseline 0.002 -22"><span class='ocrx_word' id='word_1_114' title='bbox 204 1535 377 1591; x_wconf 89' lang='lat' dir='ltr'>“decedere</span> <span class='ocrx_word' id='word_1_115' title='bbox 403 1535 511 1606; x_wconf 78' lang='lat' dir='ltr'>Sicilia,</span> <span class='ocrx_word' id='word_1_116' title='bbox 538 1537 586 1611; x_wconf 92' lang='lat' dir='ltr'>qui</span> <span class='ocrx_word' id='word_1_117' title='bbox 613 1538 785 1612; x_wconf 76' lang='lat' dir='ltr'>stipendium</span> <span class='ocrx_word' id='word_1_118' title='bbox 811 1537 914 1612; x_wconf 93' lang='lat' dir='ltr'>populo</span> <span class='ocrx_word' id='word_1_119' title='bbox 944 1537 1077 1594; x_wconf 80' lang='lat' dir='ltr'>Romano</span> <span class='ocrx_word' id='word_1_120' title='bbox 1097 1537 1165 1592; x_wconf 87' lang='lat' dir='ltr'>dare</span> 
     </span>
     <span class='ocr_line' id='line_1_16' title="bbox 171 1613 1164 1691; baseline 0.001 -22"><span class='ocrx_word' id='word_1_121' title='bbox 171 1619 333 1688; x_wconf 86' lang='lat' dir='ltr'>1⁵“pactus</span> <span class='ocrx_word' id='word_1_122' title='bbox 346 1623 398 1672; x_wconf 85' lang='lat' dir='ltr'>est.</span> <span class='ocrx_word' id='word_1_123' title='bbox 441 1613 541 1688; x_wconf 88' lang='lat' dir='ltr'>ltaque</span> <span class='ocrx_word' id='word_1_124' title='bbox 556 1634 682 1691; x_wconf 83' lang='lat' dir='ltr'>vosego,</span> <span class='ocrx_word' id='word_1_125' title='bbox 697 1616 809 1687; x_wconf 82' lang='lat' dir='ltr'>milites,</span> <span class='ocrx_word' id='word_1_126' title='bbox 824 1634 881 1672; x_wconf 93' lang='lat' dir='ltr'>non</span> <span class='ocrx_word' id='word_1_127' title='bbox 900 1633 935 1671; x_wconf 89' lang='lat' dir='ltr'>eo</span> <span class='ocrx_word' id='word_1_128' title='bbox 949 1613 1040 1672; x_wconf 86' lang='lat' dir='ltr'>soldru</span> <span class='ocrx_word' id='word_1_129' title='bbox 1059 1614 1164 1685; x_wconf 89' lang='lat' dir='ltr'>animo,</span> 
     </span>
     <span class='ocr_line' id='line_1_17' title="bbox 204 1691 1165 1769; baseline 0.002 -23"><span class='ocrx_word' id='word_1_130' title='bbox 204 1699 223 1726; x_wconf 91' lang='lat'>“</span> <span class='ocrx_word' id='word_1_131' title='bbox 232 1709 288 1764; x_wconf 93' lang='lat' dir='ltr'>quo</span> <span class='ocrx_word' id='word_1_132' title='bbox 302 1691 436 1747; x_wconf 71' lang='lat' dir='ltr'>adversus</span> <span class='ocrx_word' id='word_1_133' title='bbox 449 1692 518 1749; x_wconf 90' lang='lat' dir='ltr'>alios</span> <span class='ocrx_word' id='word_1_134' title='bbox 533 1693 628 1750; x_wconf 87' lang='lat' dir='ltr'>hostes</span> <span class='ocrx_word' id='word_1_135' title='bbox 641 1694 746 1760; x_wconf 86' lang='lat' dir='ltr'>soletis,</span> <span class='ocrx_word' id='word_1_136' title='bbox 761 1712 889 1769; x_wconf 86' lang='lat' dir='ltr'>pugnare</span> <span class='ocrx_word' id='word_1_137' title='bbox 904 1693 1003 1761; x_wconf 86' lang='lat' dir='ltr'>velim;</span> <span class='ocrx_word' id='word_1_138' title='bbox 1033 1694 1082 1748; x_wconf 89' lang='lat' dir='ltr'>sed</span> <span class='ocrx_word' id='word_1_139' title='bbox 1097 1711 1165 1748; x_wconf 88' lang='lat' dir='ltr'>curn</span> 
     </span>
     <span class='ocr_line' id='line_1_18' title="bbox 205 1768 1165 1846; baseline 0.002 -22"><span class='ocrx_word' id='word_1_140' title='bbox 205 1768 429 1844; x_wconf 85' lang='lat' dir='ltr'>“indignatione</span> <span class='ocrx_word' id='word_1_141' title='bbox 450 1771 572 1844; x_wconf 75' lang='lat' dir='ltr'>quddam</span> <span class='ocrx_word' id='word_1_142' title='bbox 594 1783 677 1846; x_wconf 92' lang='lat' dir='ltr'>atque</span> <span class='ocrx_word' id='word_1_143' title='bbox 699 1771 759 1840; x_wconf 75' lang='lat' dir='ltr'>irai;</span> <span class='ocrx_word' id='word_1_144' title='bbox 790 1771 867 1828; x_wconf 84' lang='lat' dir='ltr'>velut</span> <span class='ocrx_word' id='word_1_145' title='bbox 887 1771 910 1828; x_wconf 83' lang='lat' dir='ltr'>ai</span> <span class='ocrx_word' id='word_1_146' title='bbox 932 1770 1165 1828; x_wconf 38' lang='lat' dir='ltr'>servos&#39;rideatis</span> 
     </span>
     <span class='ocr_line' id='line_1_19' title="bbox 205 1849 1166 1922; baseline 0.004 -20"><span class='ocrx_word' id='word_1_147' title='bbox 205 1855 339 1903; x_wconf 79' lang='lat' dir='ltr'>“vestros</span> <span class='ocrx_word' id='word_1_148' title='bbox 353 1865 431 1903; x_wconf 90' lang='lat' dir='ltr'>arma</span> <span class='ocrx_word' id='word_1_149' title='bbox 444 1849 559 1922; x_wconf 72' lang='lat' dir='ltr'>repente</span> <span class='ocrx_word' id='word_1_150' title='bbox 574 1861 673 1906; x_wconf 86' lang='lat' dir='ltr'>contra</span> <span class='ocrx_word' id='word_1_151' title='bbox 687 1868 735 1906; x_wconf 91' lang='lat' dir='ltr'>vos</span> <span class='ocrx_word' id='word_1_152' title='bbox 749 1849 881 1906; x_wconf 84' lang='lat' dir='ltr'>ferentes.</span> <span class='ocrx_word' id='word_1_153' title='bbox 923 1849 1029 1920; x_wconf 93' lang='lat' dir='ltr'>Licuit,</span> <span class='ocrx_word' id='word_1_154' title='bbox 1043 1851 1079 1906; x_wconf 91' lang='lat' dir='ltr'>ad</span> <span class='ocrx_word' id='word_1_155' title='bbox 1094 1849 1166 1922; x_wconf 86' lang='lat' dir='ltr'>Ery·</span> 
     </span>
     <span class='ocr_line' id='line_1_20' title="bbox 204 1925 1165 2002; baseline 0.002 -22"><span class='ocrx_word' id='word_1_156' title='bbox 204 1933 295 1982; x_wconf 90' lang='lat' dir='ltr'>“cem</span> <span class='ocrx_word' id='word_1_157' title='bbox 317 1925 438 1997; x_wconf 87' lang='lat' dir='ltr'>clausos,</span> <span class='ocrx_word' id='word_1_158' title='bbox 452 1926 551 1984; x_wconf 88' lang='lat' dir='ltr'>ultimo</span> <span class='ocrx_word' id='word_1_159' title='bbox 570 1927 711 2002; x_wconf 87' lang='lat' dir='ltr'>supplicio</span> <span class='ocrx_word' id='word_1_160' title='bbox 733 1927 928 1998; x_wconf 91' lang='lat' dir='ltr'>humanorum,</span> <span class='ocrx_word' id='word_1_161' title='bbox 953 1927 1038 1999; x_wconf 85' lang='lat' dir='ltr'>fame,</span> <span class='ocrx_word' id='word_1_162' title='bbox 1059 1926 1165 1984; x_wconf 86' lang='lat' dir='ltr'>interfi-</span> 
     </span>
     <span class='ocr_line' id='line_1_21' title="bbox 169 2002 1165 2080; baseline 0.003 -23"><span class='ocrx_word' id='word_1_163' title='bbox 169 2017 194 2057; x_wconf 72' lang='grc' dir='ltr'><strong>ω</strong></span> <span class='ocrx_word' id='word_1_164' title='bbox 204 2010 222 2037; x_wconf 87' lang='grc'>“</span> <span class='ocrx_word' id='word_1_165' title='bbox 233 2021 316 2059; x_wconf 85' lang='lat' dir='ltr'>cere:</span> <span class='ocrx_word' id='word_1_166' title='bbox 338 2002 419 2060; x_wconf 92' lang='lat' dir='ltr'>licuit</span> <span class='ocrx_word' id='word_1_167' title='bbox 432 2004 579 2062; x_wconf 89' lang='lat' dir='ltr'>victricem</span> <span class='ocrx_word' id='word_1_168' title='bbox 593 2006 712 2068; x_wconf 83' lang='lat' dir='ltr'>classem</span> <span class='ocrx_word' id='word_1_169' title='bbox 735 2005 764 2062; x_wconf 93' lang='lat' dir='ltr'>in</span> <span class='ocrx_word' id='word_1_170' title='bbox 784 2005 912 2062; x_wconf 83' lang='lat' dir='ltr'>Africam</span> <span class='ocrx_word' id='word_1_171' title='bbox 927 2004 1068 2080; x_wconf 86' lang='lat' dir='ltr'>trajicere,</span> <span class='ocrx_word' id='word_1_172' title='bbox 1081 2016 1165 2078; x_wconf 87' lang='lat' dir='ltr'>atque</span> 
     </span>
     <span class='ocr_line' id='line_1_22' title="bbox 204 2079 1163 2158; baseline 0.004 -23"><span class='ocrx_word' id='word_1_173' title='bbox 204 2079 307 2136; x_wconf 88' lang='lat' dir='ltr'>“intra</span> <span class='ocrx_word' id='word_1_174' title='bbox 320 2099 428 2155; x_wconf 87' lang='lat' dir='ltr'>paucos</span> <span class='ocrx_word' id='word_1_175' title='bbox 442 2081 503 2137; x_wconf 91' lang='lat' dir='ltr'>dies</span> <span class='ocrx_word' id='word_1_176' title='bbox 517 2083 579 2142; x_wconf 87' lang='lat' dir='ltr'>sinc</span> <span class='ocrx_word' id='word_1_177' title='bbox 594 2083 651 2140; x_wconf 91' lang='lat' dir='ltr'>ullo</span> <span class='ocrx_word' id='word_1_178' title='bbox 672 2084 828 2140; x_wconf 87' lang='lat' dir='ltr'>certamine</span> <span class='ocrx_word' id='word_1_179' title='bbox 843 2084 1046 2158; x_wconf 81' lang='lat' dir='ltr'>Carthaginem</span> <span class='ocrx_word' id='word_1_180' title='bbox 1060 2083 1163 2141; x_wconf 88' lang='lat' dir='ltr'>delere.</span> 
     </span>
     <span class='ocr_line' id='line_1_23' title="bbox 204 2157 1163 2235; baseline 0.004 -21"><span class='ocrx_word' id='word_1_181' title='bbox 204 2157 356 2232; x_wconf 88' lang='lat' dir='ltr'>“Veniam</span> <span class='ocrx_word' id='word_1_182' title='bbox 384 2159 515 2215; x_wconf 84' lang='lat' dir='ltr'>dedimus</span> <span class='ocrx_word' id='word_1_183' title='bbox 541 2162 738 2235; x_wconf 78' lang='lat' dir='ltr'>precantibus:</span> <span class='ocrx_word' id='word_1_184' title='bbox 770 2162 916 2218; x_wconf 89' lang='lat' dir='ltr'>emisimus</span> <span class='ocrx_word' id='word_1_185' title='bbox 938 2181 973 2218; x_wconf 87' lang='lat' dir='ltr'>ex</span> <span class='ocrx_word' id='word_1_186' title='bbox 993 2161 1163 2218; x_wconf 87' lang='lat' dir='ltr'>obsidione:</span> 
     </span>
     <span class='ocr_line' id='line_1_24' title="bbox 204 2236 1164 2309; baseline 0.005 -18"><span class='ocrx_word' id='word_1_187' title='bbox 204 2243 333 2309; x_wconf 87' lang='lat' dir='ltr'>“pacem</span> <span class='ocrx_word' id='word_1_188' title='bbox 348 2249 414 2292; x_wconf 84' lang='lat' dir='ltr'>cum</span> <span class='ocrx_word' id='word_1_189' title='bbox 428 2236 510 2293; x_wconf 87' lang='lat' dir='ltr'>victis</span> <span class='ocrx_word' id='word_1_190' title='bbox 524 2239 662 2299; x_wconf 80' lang='lat' dir='ltr'>fecimus:</span> <span class='ocrx_word' id='word_1_191' title='bbox 683 2240 778 2297; x_wconf 87' lang='lat' dir='ltr'>tutelae</span> <span class='ocrx_word' id='word_1_192' title='bbox 793 2240 897 2298; x_wconf 88' lang='lat' dir='ltr'>deinde</span> <span class='ocrx_word' id='word_1_193' title='bbox 908 2250 1010 2296; x_wconf 78' lang='lat' dir='ltr'>nostre</span> <span class='ocrx_word' id='word_1_194' title='bbox 1021 2240 1164 2306; x_wconf 83' lang='lat' dir='ltr'>duximus,</span> 
     </span>
     <span class='ocr_line' id='line_1_25' title="bbox 203 2313 1164 2393; baseline 0.007 -26"><span class='ocrx_word' id='word_1_195' title='bbox 203 2319 319 2386; x_wconf 90' lang='lat' dir='ltr'>“quum</span> <span class='ocrx_word' id='word_1_196' title='bbox 335 2313 435 2370; x_wconf 87' lang='lat' dir='ltr'>Africo</span> <span class='ocrx_word' id='word_1_197' title='bbox 444 2314 517 2372; x_wconf 89' lang='lat' dir='ltr'>bello</span> <span class='ocrx_word' id='word_1_198' title='bbox 528 2328 704 2393; x_wconf 86' lang='lat' dir='ltr'>urgerentur.</span> <span class='ocrx_word' id='word_1_199' title='bbox 736 2318 791 2375; x_wconf 92' lang='lat' dir='ltr'>Pro</span> <span class='ocrx_word' id='word_1_200' title='bbox 803 2318 1012 2393; x_wconf 83' lang='lat' dir='ltr'>hisimpertitis,</span> <span class='ocrx_word' id='word_1_201' title='bbox 1028 2317 1164 2377; x_wconf 84' lang='lat' dir='ltr'>furiosum</span> 
     </span>
     <span class='ocr_line' id='line_1_26' title="bbox 169 2391 1164 2471; baseline 0.007 -26"><span class='ocrx_word' id='word_1_202' title='bbox 169 2405 194 2445; x_wconf 78' lang='lat' dir='ltr'>aa</span> <span class='ocrx_word' id='word_1_203' title='bbox 204 2399 222 2424; x_wconf 93' lang='lat'>“</span> <span class='ocrx_word' id='word_1_204' title='bbox 231 2391 370 2464; x_wconf 79' lang='lat' dir='ltr'>juvenem</span> <span class='ocrx_word' id='word_1_205' title='bbox 379 2397 539 2466; x_wconf 79' lang='lat' dir='ltr'>sequentes,</span> <span class='ocrx_word' id='word_1_206' title='bbox 553 2407 746 2471; x_wconf 87' lang='lat' dir='ltr'>oppugnatum</span> <span class='ocrx_word' id='word_1_207' title='bbox 761 2398 880 2471; x_wconf 85' lang='lat' dir='ltr'>patriam</span> <span class='ocrx_word' id='word_1_208' title='bbox 898 2407 1022 2454; x_wconf 90' lang='lat' dir='ltr'>nostram</span> <span class='ocrx_word' id='word_1_209' title='bbox 1039 2397 1164 2458; x_wconf 84' lang='lat' dir='ltr'>veniunt.</span> 
     </span>
     <span class='ocr_line' id='line_1_27' title="bbox 204 2469 1165 2550; baseline 0.009 -27"><span class='ocrx_word' id='word_1_210' title='bbox 204 2469 327 2544; x_wconf 84' lang='lat' dir='ltr'>“Atque</span> <span class='ocrx_word' id='word_1_211' title='bbox 342 2470 515 2544; x_wconf 68' lang='lat' dir='ltr'>utinam&#39;pro</span> <span class='ocrx_word' id='word_1_212' title='bbox 535 2474 638 2536; x_wconf 85' lang='lat' dir='ltr'>decore</span> <span class='ocrx_word' id='word_1_213' title='bbox 659 2475 772 2532; x_wconf 79' lang='lat' dir='ltr'>tantum</span> <span class='ocrx_word' id='word_1_214' title='bbox 795 2476 849 2532; x_wconf 92' lang='lat' dir='ltr'>hoc</span> <span class='ocrx_word' id='word_1_215' title='bbox 873 2475 961 2542; x_wconf 88' lang='lat' dir='ltr'>vobis,</span> <span class='ocrx_word' id='word_1_216' title='bbox 985 2486 1015 2532; x_wconf 88' lang='lat' dir='ltr'>et</span> <span class='ocrx_word' id='word_1_217' title='bbox 1035 2495 1092 2532; x_wconf 91' lang='lat' dir='ltr'>non</span> <span class='ocrx_word' id='word_1_218' title='bbox 1114 2493 1165 2550; x_wconf 93' lang='lat' dir='ltr'>pro</span> 
     </span>
     <span class='ocr_line' id='line_1_28' title="bbox 204 2546 1165 2627; baseline 0.009 -26"><span class='ocrx_word' id='word_1_219' title='bbox 204 2546 336 2612; x_wconf 65' lang='lat' dir='ltr'>“salute</span> <span class='ocrx_word' id='word_1_220' title='bbox 360 2558 436 2604; x_wconf 86' lang='lat' dir='ltr'>esset</span> <span class='ocrx_word' id='word_1_221' title='bbox 457 2560 611 2608; x_wconf 88' lang='lat' dir='ltr'>certamen.</span> <span class='ocrx_word' id='word_1_222' title='bbox 662 2551 730 2609; x_wconf 93' lang='lat' dir='ltr'>Non</span> <span class='ocrx_word' id='word_1_223' title='bbox 744 2554 782 2610; x_wconf 87' lang='lat' dir='ltr'>de</span> <span class='ocrx_word' id='word_1_224' title='bbox 803 2553 980 2627; x_wconf 89' lang='lat' dir='ltr'>possessione</span> <span class='ocrx_word' id='word_1_225' title='bbox 1002 2553 1109 2610; x_wconf 78' lang='lat' dir='ltr'>Siciliae</span> <span class='ocrx_word' id='word_1_226' title='bbox 1130 2572 1165 2610; x_wconf 88' lang='lat' dir='ltr'>ac</span> 
     </span>
     <span class='ocr_line' id='line_1_29' title="bbox 204 2625 1165 2705; baseline 0.008 -26"><span class='ocrx_word' id='word_1_227' title='bbox 204 2631 224 2659; x_wconf 93' lang='lat'>“</span> <span class='ocrx_word' id='word_1_228' title='bbox 234 2625 384 2697; x_wconf 74' lang='lat' dir='ltr'>Sardiniae,</span> <span class='ocrx_word' id='word_1_229' title='bbox 410 2625 447 2688; x_wconf 87' lang='lat' dir='ltr'>do</span> <span class='ocrx_word' id='word_1_230' title='bbox 467 2627 570 2699; x_wconf 90' lang='lat' dir='ltr'>quibus</span> <span class='ocrx_word' id='word_1_231' title='bbox 590 2631 731 2704; x_wconf 88' lang='lat' dir='ltr'>quondam</span> <span class='ocrx_word' id='word_1_232' title='bbox 764 2631 910 2705; x_wconf 85' lang='lat' dir='ltr'>agebatur,</span> <span class='ocrx_word' id='word_1_233' title='bbox 937 2631 987 2686; x_wconf 90' lang='lat' dir='ltr'>sed</span> <span class='ocrx_word' id='word_1_234' title='bbox 1009 2650 1059 2705; x_wconf 87' lang='lat' dir='ltr'>pro</span> <span class='ocrx_word' id='word_1_235' title='bbox 1080 2625 1165 2688; x_wconf 75' lang='lat' dir='ltr'>[ralia</span> 
     </span>
     <span class='ocr_line' id='line_1_30' title="bbox 205 2702 1164 2783; baseline 0.008 -27"><span class='ocrx_word' id='word_1_236' title='bbox 205 2702 313 2758; x_wconf 86' lang='lat' dir='ltr'>“vobis</span> <span class='ocrx_word' id='word_1_237' title='bbox 327 2712 370 2758; x_wconf 90' lang='lat' dir='ltr'>est</span> <span class='ocrx_word' id='word_1_238' title='bbox 383 2706 587 2778; x_wconf 85' lang='lat' dir='ltr'>pugnandum:</span> <span class='ocrx_word' id='word_1_239' title='bbox 621 2726 677 2764; x_wconf 92' lang='lat' dir='ltr'>nec</span> <span class='ocrx_word' id='word_1_240' title='bbox 701 2719 744 2765; x_wconf 83' lang='lat' dir='ltr'>ost</span> <span class='ocrx_word' id='word_1_241' title='bbox 768 2709 840 2764; x_wconf 86' lang='lat' dir='ltr'>alius</span> <span class='ocrx_word' id='word_1_242' title='bbox 864 2709 900 2764; x_wconf 89' lang='lat' dir='ltr'>ab</span> <span class='ocrx_word' id='word_1_243' title='bbox 913 2719 992 2783; x_wconf 85' lang='lat' dir='ltr'>tergo</span> <span class='ocrx_word' id='word_1_244' title='bbox 1012 2709 1164 2778; x_wconf 82' lang='lat' dir='ltr'>exercitus,</span> 
     </span>
     <span class='ocr_line' id='line_1_31' title="bbox 168 2779 1164 2860; baseline 0.009 -27"><span class='ocrx_word' id='word_1_245' title='bbox 168 2779 288 2853; x_wconf 79' lang='lat' dir='ltr'>³⁰“qui,</span> <span class='ocrx_word' id='word_1_246' title='bbox 303 2779 358 2836; x_wconf 85' lang='lat' dir='ltr'>nisi</span> <span class='ocrx_word' id='word_1_247' title='bbox 370 2799 423 2836; x_wconf 92' lang='lat' dir='ltr'>rros</span> <span class='ocrx_word' id='word_1_248' title='bbox 436 2781 585 2855; x_wconf 85' lang='lat' dir='ltr'>vincimus,</span> <span class='ocrx_word' id='word_1_249' title='bbox 601 2786 673 2842; x_wconf 88' lang='lat' dir='ltr'>hosti</span> <span class='ocrx_word' id='word_1_250' title='bbox 686 2786 803 2842; x_wconf 87' lang='lat' dir='ltr'>obsistat</span> <span class='ocrx_word' id='word_1_251' title='bbox 815 2806 823 2854; x_wconf 81' lang='lat'>3</span> <span class='ocrx_word' id='word_1_252' title='bbox 844 2805 899 2843; x_wconf 89' lang='lat' dir='ltr'>nec</span> <span class='ocrx_word' id='word_1_253' title='bbox 914 2786 1003 2860; x_wconf 89' lang='lat' dir='ltr'>Alpes</span> <span class='ocrx_word' id='word_1_254' title='bbox 1017 2786 1078 2842; x_wconf 86' lang='lat' dir='ltr'>aliae</span> <span class='ocrx_word' id='word_1_255' title='bbox 1087 2798 1164 2859; x_wconf 91' lang='lat' dir='ltr'>sunt,</span> 
     </span>
     <span class='ocr_line' id='line_1_32' title="bbox 203 2859 1164 2938; baseline 0.008 -25"><span class='ocrx_word' id='word_1_256' title='bbox 203 2865 300 2930; x_wconf 88' lang='lat' dir='ltr'>“quas</span> <span class='ocrx_word' id='word_1_257' title='bbox 313 2859 381 2914; x_wconf 91' lang='lat' dir='ltr'>dum</span> <span class='ocrx_word' id='word_1_258' title='bbox 395 2871 539 2932; x_wconf 89' lang='lat' dir='ltr'>superant,</span> <span class='ocrx_word' id='word_1_259' title='bbox 555 2864 711 2938; x_wconf 87' lang='lat' dir='ltr'>comparari</span> <span class='ocrx_word' id='word_1_260' title='bbox 726 2883 799 2920; x_wconf 83' lang='lat' dir='ltr'>nove</span> <span class='ocrx_word' id='word_1_261' title='bbox 809 2865 916 2938; x_wconf 87' lang='lat' dir='ltr'>possint</span> <span class='ocrx_word' id='word_1_262' title='bbox 926 2864 1063 2938; x_wconf 72' lang='lat' dir='ltr'>presidia.</span> <span class='ocrx_word' id='word_1_263' title='bbox 1105 2864 1164 2922; x_wconf 88' lang='lat' dir='ltr'>Hic</span> 
     </span>
     <span class='ocr_line' id='line_1_33' title="bbox 127 2935 1165 3017; baseline 0.009 -28"><span class='ocrx_word' id='word_1_264' title='bbox 127 3007 133 3017; x_wconf 93' lang='lat'><em>.</em></span> <span class='ocrx_word' id='word_1_265' title='bbox 203 2943 222 2968; x_wconf 92' lang='lat'>“</span> <span class='ocrx_word' id='word_1_266' title='bbox 232 2945 275 2990; x_wconf 88' lang='lat' dir='ltr'>est</span> <span class='ocrx_word' id='word_1_267' title='bbox 288 2935 468 3003; x_wconf 88' lang='lat' dir='ltr'>obstandum,</span> <span class='ocrx_word' id='word_1_268' title='bbox 483 2939 596 3009; x_wconf 87' lang='lat' dir='ltr'>milites,</span> <span class='ocrx_word' id='word_1_269' title='bbox 621 2941 697 2997; x_wconf 90' lang='lat' dir='ltr'>velut</span> <span class='ocrx_word' id='word_1_270' title='bbox 711 2942 734 2998; x_wconf 91' lang='lat' dir='ltr'>si</span> <span class='ocrx_word' id='word_1_271' title='bbox 749 2953 814 2998; x_wconf 89' lang='lat' dir='ltr'>ante</span> <span class='ocrx_word' id='word_1_272' title='bbox 830 2942 962 2999; x_wconf 85' lang='lat' dir='ltr'>Romana</span> <span class='ocrx_word' id='word_1_273' title='bbox 975 2943 1081 2998; x_wconf 87' lang='lat' dir='ltr'>moenia</span> <span class='ocrx_word' id='word_1_274' title='bbox 1094 2961 1165 3017; x_wconf 89' lang='lat' dir='ltr'>pug-</span> 
     </span>
     <span class='ocr_line' id='line_1_34' title="bbox 203 3011 1163 3098; baseline 0.011 -32"><span class='ocrx_word' id='word_1_275' title='bbox 203 3019 341 3068; x_wconf 83' lang='lat' dir='ltr'>“nemus</span> <span class='ocrx_word' id='word_1_276' title='bbox 381 3011 582 3090; x_wconf 88' lang='lat' dir='ltr'>Unusquisque</span> <span class='ocrx_word' id='word_1_277' title='bbox 596 3037 626 3074; x_wconf 87' lang='lat' dir='ltr'>se</span> <span class='ocrx_word' id='word_1_278' title='bbox 641 3037 697 3075; x_wconf 93' lang='lat' dir='ltr'>non</span> <span class='ocrx_word' id='word_1_279' title='bbox 713 3039 814 3094; x_wconf 89' lang='lat' dir='ltr'>corpus</span> <span class='ocrx_word' id='word_1_280' title='bbox 828 3039 921 3087; x_wconf 89' lang='lat' dir='ltr'>suum,</span> <span class='ocrx_word' id='word_1_281' title='bbox 938 3021 988 3076; x_wconf 88' lang='lat' dir='ltr'>sed</span> <span class='ocrx_word' id='word_1_282' title='bbox 1010 3020 1163 3098; x_wconf 86' lang='lat' dir='ltr'>conjugem</span> 
     </span>
     <span class='ocr_line' id='line_1_35' title="bbox 203 3089 1163 3171; baseline 0.01 -27"><span class='ocrx_word' id='word_1_283' title='bbox 203 3097 222 3124; x_wconf 92' lang='lat'>“</span> <span class='ocrx_word' id='word_1_284' title='bbox 231 3107 267 3146; x_wconf 87' lang='lat' dir='ltr'>ac</span> <span class='ocrx_word' id='word_1_285' title='bbox 280 3089 385 3148; x_wconf 88' lang='lat' dir='ltr'>liberos</span> <span class='ocrx_word' id='word_1_286' title='bbox 398 3109 506 3165; x_wconf 86' lang='lat' dir='ltr'>parvos,</span> <span class='ocrx_word' id='word_1_287' title='bbox 521 3096 607 3152; x_wconf 86' lang='lat' dir='ltr'>armis</span> <span class='ocrx_word' id='word_1_288' title='bbox 617 3108 767 3170; x_wconf 80' lang='lat' dir='ltr'>protegere</span> <span class='ocrx_word' id='word_1_289' title='bbox 791 3107 870 3171; x_wconf 91' lang='lat' dir='ltr'>putet</span> <span class='ocrx_word' id='word_1_290' title='bbox 883 3115 889 3154; x_wconf 76' lang='grc' dir='ltr'><strong><em>ε</em></strong></span> <span class='ocrx_word' id='word_1_291' title='bbox 923 3115 978 3154; x_wconf 88' lang='lat' dir='ltr'>nec</span> <span class='ocrx_word' id='word_1_292' title='bbox 991 3099 1163 3156; x_wconf 85' lang='lat' dir='ltr'>domesticas</span> 
     </span>
     <span class='ocr_line' id='line_1_36' title="bbox 81 3167 1164 3251; baseline 0.014 -32"><span class='ocrx_word' id='word_1_293' title='bbox 81 3225 85 3229; x_wconf 22' lang='lat'><em>⁴</em></span> <span class='ocrx_word' id='word_1_294' title='bbox 166 3167 324 3224; x_wconf 74' lang='lat' dir='ltr'>³⁵“solum</span> <span class='ocrx_word' id='word_1_295' title='bbox 339 3168 426 3243; x_wconf 86' lang='lat' dir='ltr'>agitet</span> <span class='ocrx_word' id='word_1_296' title='bbox 440 3189 533 3238; x_wconf 88' lang='lat' dir='ltr'>curas,</span> <span class='ocrx_word' id='word_1_297' title='bbox 548 3174 598 3228; x_wconf 88' lang='lat' dir='ltr'>sed</span> <span class='ocrx_word' id='word_1_298' title='bbox 613 3174 768 3230; x_wconf 90' lang='lat' dir='ltr'>identidem</span> <span class='ocrx_word' id='word_1_299' title='bbox 788 3175 842 3230; x_wconf 89' lang='lat' dir='ltr'>hoc</span> <span class='ocrx_word' id='word_1_300' title='bbox 857 3176 952 3232; x_wconf 90' lang='lat' dir='ltr'>animo</span> <span class='ocrx_word' id='word_1_301' title='bbox 965 3186 1086 3251; x_wconf 88' lang='lat' dir='ltr'>reputet,</span> <span class='ocrx_word' id='word_1_302' title='bbox 1100 3195 1164 3234; x_wconf 84' lang='lat' dir='ltr'>nos·</span> 
     </span>
     <span class='ocr_line' id='line_1_37' title="bbox 201 3244 1161 3327; baseline 0.011 -28"><span class='ocrx_word' id='word_1_303' title='bbox 201 3252 287 3301; x_wconf 89' lang='lat' dir='ltr'>“tras</span> <span class='ocrx_word' id='word_1_304' title='bbox 301 3264 378 3302; x_wconf 91' lang='lat' dir='ltr'>nunc</span> <span class='ocrx_word' id='word_1_305' title='bbox 400 3244 502 3304; x_wconf 91' lang='lat' dir='ltr'>intueri</span> <span class='ocrx_word' id='word_1_306' title='bbox 517 3269 618 3306; x_wconf 89' lang='lat' dir='ltr'>manus</span> <span class='ocrx_word' id='word_1_307' title='bbox 632 3262 761 3306; x_wconf 89' lang='lat' dir='ltr'>senatum</span> <span class='ocrx_word' id='word_1_308' title='bbox 775 3251 966 3327; x_wconf 87' lang='lat' dir='ltr'>populumque</span> <span class='ocrx_word' id='word_1_309' title='bbox 980 3255 1161 3324; x_wconf 86' lang='lat' dir='ltr'>Romanum;</span> 
     </span>
     <span class='ocr_line' id='line_1_38' title="bbox 127 3323 1162 3401; baseline 0.013 -25"><span class='ocrx_word' id='word_1_310' title='bbox 127 3335 135 3344; x_wconf 89' lang='lat'><em>·</em></span> <span class='ocrx_word' id='word_1_311' title='bbox 201 3323 320 3395; x_wconf 90' lang='lat' dir='ltr'>“qualis</span> <span class='ocrx_word' id='word_1_312' title='bbox 334 3333 430 3380; x_wconf 85' lang='lat' dir='ltr'>nostra</span> <span class='ocrx_word' id='word_1_313' title='bbox 453 3325 495 3382; x_wconf 91' lang='lat' dir='ltr'>vis</span> <span class='ocrx_word' id='word_1_314' title='bbox 515 3327 658 3401; x_wconf 88' lang='lat' dir='ltr'>virtusque</span> <span class='ocrx_word' id='word_1_315' title='bbox 680 3327 772 3398; x_wconf 83' lang='lat' dir='ltr'>suerit,</span> <span class='ocrx_word' id='word_1_316' title='bbox 795 3331 881 3387; x_wconf 89' lang='lat' dir='ltr'>talem</span> <span class='ocrx_word' id='word_1_317' title='bbox 894 3331 999 3390; x_wconf 88' lang='lat' dir='ltr'>deinde</span> <span class='ocrx_word' id='word_1_318' title='bbox 1020 3333 1162 3389; x_wconf 82' lang='lat' dir='ltr'>fortunam</span> 
     </span>
     <span class='ocr_line' id='line_1_39' title="bbox 201 3399 806 3480; baseline 0.013 -24"><span class='ocrx_word' id='word_1_319' title='bbox 201 3399 304 3456; x_wconf 88' lang='lat' dir='ltr'>“illius</span> <span class='ocrx_word' id='word_1_320' title='bbox 318 3401 395 3458; x_wconf 89' lang='lat' dir='ltr'>urbis</span> <span class='ocrx_word' id='word_1_321' title='bbox 409 3417 443 3458; x_wconf 78' lang='lat' dir='ltr'>ac</span> <span class='ocrx_word' id='word_1_322' title='bbox 457 3403 582 3460; x_wconf 78' lang='lat' dir='ltr'>Romani</span> <span class='ocrx_word' id='word_1_323' title='bbox 597 3405 707 3480; x_wconf 91' lang='lat' dir='ltr'>imperii</span> <span class='ocrx_word' id='word_1_324' title='bbox 719 3406 806 3464; x_wconf 79' lang='lat' dir='ltr'>sora.²’</span> 
     </span>
    </p>
   </div>
   <div class='ocr_carea' id='block_1_3' title="bbox 164 3555 1161 3792">
    <p class='ocr_par' dir='ltr' id='par_1_3' title="bbox 164 3555 1161 3792">
     <span class='ocr_line' id='line_1_40' title="bbox 239 3555 1161 3636; baseline 0.013 -24"><span class='ocrx_word' id='word_1_325' title='bbox 239 3555 336 3614; x_wconf 87' lang='lat' dir='ltr'>XLII.</span> <span class='ocrx_word' id='word_1_326' title='bbox 370 3559 444 3618; x_wconf 75' lang='lat' dir='ltr'>Haec</span> <span class='ocrx_word' id='word_1_327' title='bbox 471 3561 545 3634; x_wconf 92' lang='lat' dir='ltr'>apud</span> <span class='ocrx_word' id='word_1_328' title='bbox 566 3561 714 3619; x_wconf 88' lang='lat' dir='ltr'>Romanos</span> <span class='ocrx_word' id='word_1_329' title='bbox 735 3565 844 3622; x_wconf 88' lang='lat' dir='ltr'>consul.</span> <span class='ocrx_word' id='word_1_330' title='bbox 898 3565 1054 3636; x_wconf 85' lang='lat' dir='ltr'>Hannibal,</span> <span class='ocrx_word' id='word_1_331' title='bbox 1075 3567 1161 3624; x_wconf 82' lang='lat' dir='ltr'>rebus</span> 
     </span>
     <span class='ocr_line' id='line_1_41' title="bbox 164 3634 1160 3713; baseline 0.013 -25"><span class='ocrx_word' id='word_1_332' title='bbox 164 3634 282 3709; x_wconf 73' lang='lat' dir='ltr'>soprius</span> <span class='ocrx_word' id='word_1_333' title='bbox 295 3634 379 3709; x_wconf 73' lang='lat' dir='ltr'>quam</span> <span class='ocrx_word' id='word_1_334' title='bbox 393 3639 487 3695; x_wconf 84' lang='lat' dir='ltr'>verbis</span> <span class='ocrx_word' id='word_1_335' title='bbox 500 3639 689 3700; x_wconf 85' lang='lat' dir='ltr'>adhortandos</span> <span class='ocrx_word' id='word_1_336' title='bbox 703 3641 806 3699; x_wconf 88' lang='lat' dir='ltr'>milites</span> <span class='ocrx_word' id='word_1_337' title='bbox 826 3652 913 3713; x_wconf 85' lang='lat' dir='ltr'>ratus,</span> <span class='ocrx_word' id='word_1_338' title='bbox 934 3644 1110 3700; x_wconf 86' lang='lat' dir='ltr'>circumdato</span> <span class='ocrx_word' id='word_1_339' title='bbox 1124 3645 1160 3701; x_wconf 88' lang='lat' dir='ltr'>ad</span> 
     </span>
     <span class='ocr_line' id='line_1_42' title="bbox 198 3714 1161 3792; baseline 0.013 -25"><span class='ocrx_word' id='word_1_340' title='bbox 198 3714 392 3786; x_wconf 77' lang='lat' dir='ltr'>spectaculum</span> <span class='ocrx_word' id='word_1_341' title='bbox 408 3717 546 3788; x_wconf 83' lang='lat' dir='ltr'>exercito,</span> <span class='ocrx_word' id='word_1_342' title='bbox 568 3717 693 3792; x_wconf 89' lang='lat' dir='ltr'>captivos</span> <span class='ocrx_word' id='word_1_343' title='bbox 713 3730 862 3777; x_wconf 87' lang='lat' dir='ltr'>montanos</span> <span class='ocrx_word' id='word_1_344' title='bbox 886 3722 995 3778; x_wconf 87' lang='lat' dir='ltr'>vinctos</span> <span class='ocrx_word' id='word_1_345' title='bbox 1017 3721 1046 3776; x_wconf 92' lang='lat' dir='ltr'>in</span> <span class='ocrx_word' id='word_1_346' title='bbox 1065 3723 1161 3781; x_wconf 90' lang='lat' dir='ltr'>medio</span> 
     </span>
    </p>
   </div>
   <div class='ocr_carea' id='block_1_4' title="bbox 197 3791 1161 3929">
    <p class='ocr_par' dir='ltr' id='par_1_4' title="bbox 197 3791 1161 3929">
     <span class='ocr_line' id='line_1_43' title="bbox 197 3791 1161 3929; baseline 0.011 -83"><span class='ocrx_word' id='word_1_347' title='bbox 197 3791 314 3861; x_wconf 86' lang='lat' dir='ltr'>statuit;</span> <span class='ocrx_word' id='word_1_348' title='bbox 336 3794 475 3868; x_wconf 87' lang='lat' dir='ltr'>armisque</span> <span class='ocrx_word' id='word_1_349' title='bbox 489 3795 608 3929; x_wconf 56' lang='lat' dir='ltr'>Gpgqcis</span> <span class='ocrx_word' id='word_1_350' title='bbox 622 3807 687 3853; x_wconf 90' lang='lat' dir='ltr'>ante</span> <span class='ocrx_word' id='word_1_351' title='bbox 700 3815 796 3854; x_wconf 90' lang='lat' dir='ltr'>eorum</span> <span class='ocrx_word' id='word_1_352' title='bbox 816 3799 903 3872; x_wconf 90' lang='lat' dir='ltr'>pedes</span> <span class='ocrx_word' id='word_1_353' title='bbox 916 3798 1057 3873; x_wconf 85' lang='lat' dir='ltr'>projectis,</span> <span class='ocrx_word' id='word_1_354' title='bbox 1073 3800 1161 3858; x_wconf 88' lang='lat' dir='ltr'>inter·</span> 
     </span>
    </p>
   </div>
   <div class='ocr_carea' id='block_1_5' title="bbox 0 0 1320 4228">
    <p class='ocr_par' dir='ltr' id='par_1_5' title="bbox 0 0 1320 4228">
     <span class='ocr_line' id='line_1_44' title="bbox 0 0 1320 4228; baseline 0 0"><span class='ocrx_word' id='word_1_355' title='bbox 0 0 1320 4228; x_wconf 95' lang='lat' dir='ltr'> </span> 
     </span>
    </p>
   </div>
  </div>
 </body>
</html>
