2630 4228
149 315 207 380 lssd
558 317 627 368 ΤΙΤΙ
644 313 728 368 L1v11

148 466 229 536 “que
242 457 392 517 Romanus
405 457 512 528 voluit3
545 476 609 534 ego,
630 467 661 516 ut
684 453 830 516 considam
844 453 948 517 ducem
969 452 1106 539 adversus

148 543 167 576 ⁶‘
176 537 368 595 Hannibalem
382 555 417 594 ac
431 535 534 594 Prenos
548 536 699 602 haberetis,
713 535 773 608 ipse
796 551 842 590 me
856 532 925 588 huic
946 531 1105 590 voluntario

149 620 167 652 ⁶‘
176 614 324 672 certamini
338 614 427 671 obtuli
439 634 447 682 3
469 634 541 671 ιιοιο
555 613 714 686 imperatori
729 611 803 686 apud
817 629 905 667 novos
918 609 1023 668 milites
1036 627 1105 683 pau·

149 697 211 749 “ca
224 691 309 748 verba
322 691 454 748 facienda
467 702 540 748 ιιιιιι.
581 689 628 747 Ne
641 708 732 766 genus
746 687 823 760 belli,
846 705 918 744 neve
940 687 1048 744 hostem
1063 685 1105 762 ig-

148 775 166 806 ‘⁶
175 769 299 838 noratis3
319 787 384 826 cum
402 769 436 825 ιιι
449 781 492 826 est
505 769 593 835 vobis,
608 767 721 833 milites,
735 765 930 840 pugnandum,
944 783 1015 838 quos
1029 764 1105 820 terra

148 847 301 922 “marique
315 847 406 922 priore
420 847 494 904 bello
508 845 614 904 vicisti
626 865 632 914 ;
657 863 673 900 a
687 843 790 918 quibus
804 842 976 918 stipendium
994 859 1045 915 per
1065 840 1105 898 ιι-

149 932 167 962 “
177 925 248 1000 ginti
263 943 353 982 annos
365 924 517 1000 exegistis3
538 923 670 998 aquibus
688 931 772 996 capta
785 919 851 976 belli
865 918 990 994 praemia,
1006 917 1105 974 Sicili-

148 1010 221 1058 ⁶‘am
236 1021 269 1058 ac
284 1001 454 1073 Sardiniam,
469 1001 586 1058 habetis.
628 1001 689 1058 Erit
710 999 796 1074 igitur
819 997 849 1054 in
866 997 926 1068 ,hoc
949 995 1105 1052 certamino

148 1087 166 1116 ‘⁶
177 1080 200 1136 is
213 1080 291 1136 robis
302 1079 410 1153 illisque
424 1080 546 1145 animus,
568 1079 616 1154 qui
638 1077 791 1134 victoribus
804 1085 834 1132 et
847 1073 928 1132 victis
942 1092 1005 1130 esse
1025 1073 1104 1132 solet

148 1163 167 1194 ‘⁶
178 1157 240 1213 Nec
254 1175 332 1213 nunc
346 1156 396 1229 illi,
410 1158 477 1231 quia
490 1157 605 1223 audent,
630 1155 679 1212 sed
700 1155 767 1228 qnia
789 1170 909 1210 necesse
930 1162 983 1218 est,
998 1169 1105 1226 pugna·
1115 1163 1140 1203 ιι

148 1235 229 1290 “turi
243 1245 326 1302 sunt3
347 1235 402 1292 nisi
416 1235 542 1306 creditis,
555 1234 603 1308 qui
616 1232 744 1290 exercitu
757 1230 894 1288 incolumi
916 1247 1042 1304 pugnam
1056 1229 1106 1285 de·

149 1303 167 1346 ‘⁶
178 1313 345 1386 tractavere,
365 1331 424 1384 ecs,
445 1313 555 1370 duabus
575 1311 701 1386 partibus
720 1309 847 1384 pediturn
869 1307 1051 1382 equitumque
1075 1307 1104 1364 in

148 1395 167 1426 ‘⁶
177 1389 294 1446 transitu
324 1389 440 1463 Alpium
466 1389 576 1445 arnissis
604 1387 702 1465 (quum
733 1387 828 1464 plures
858 1403 939 1461 pene
961 1384 1103 1459 perierint,

148 1472 167 1502 ⁶‘
177 1468 261 1539 quim
275 1469 450 1543 supersunt),
471 1467 532 1541 plus
545 1466 605 1541 spei
619 1475 717 1522 nactos
730 1485 801 1522 esse.
844 1464 905 1520 ‘At
917 1463 994 1520 enim
1019 1461 1105 1536 pauci

149 1549 167 1578 ‘⁶
178 1551 185 1579 ⁶
195 1543 308 1616 quidem
322 1554 396 1613 sunt,
411 1544 461 1599 sed
475 1544 602 1619 vigentes
624 1543 727 1600 animis
740 1543 969 1618 corporibusque,
982 1553 1140 1614 quorum1⁵
1186 1564 1187 1568 ¹

148 1625 166 1656 ‘⁶
176 1627 183 1656 ⁶
193 1621 292 1676 robora
305 1639 339 1676 ac
353 1620 426 1676 vires
440 1621 486 1677 vix
501 1621 640 1678 sustinere
654 1621 695 1676 vis
706 1620 762 1677 ulla
770 1621 857 1694 possit
868 1620 894 1676 ι’
915 1619 1044 1694 Effigies,
1055 1618 1105 1674 irn-

148 1703 166 1732 “
176 1695 221 1752 md
234 1697 341 1753 umbrae
353 1698 509 1769 hominnm,
524 1698 607 1765 fame,
632 1698 743 1774 frigore,
758 1697 863 1764 illuvie,
878 1697 1006 1770 squalore
1020 1713 1105 1764 enec-

149 1778 167 1809 ⁶⁶
177 1774 207 1846 ti,
222 1775 333 1831 contusi
347 1794 381 1832 ac
395 1775 532 1833 debilitati
546 1777 620 1834 inter
630 1795 698 1832 saxa
711 1794 870 1850 rupesque:
897 1775 933 1831 ad
948 1775 1020 1842 haec,
1034 1791 1105 1848 praa·

148 1852 230 1908 “usti
244 1863 330 1925 artus,
345 1853 409 1910 nive
425 1853 547 1929 rigentes
566 1854 654 1924 nervi,
668 1854 795 1910 membra
810 1852 919 1928 torrida
931 1853 1007 1928 gelu,
1021 1871 1106 1926 quas·

147 1933 235 1986 “sata
258 1929 401 2006 fractaque
422 1950 508 1998 arma,
530 1933 625 1988 claudi
648 1950 683 1988 ac
708 1931 817 1987 debiles
837 1931 911 2004 equi.
951 1930 1026 1987 Cum
1049 1930 1140 1988 hocas

147 2011 166 2044 ‘⁶
174 2009 276 2083 equite,
291 2028 358 2068 cum
373 2010 426 2066 boc
438 2010 534 2086 pedite
544 2007 694 2086 pugnaturi
707 2009 775 2066 estis
787 2029 795 2078 ;
816 2008 948 2082 reliquias
961 2019 1106 2066 extremas

147 2086 308 2160 “bostium,
334 2107 391 2145 non
412 2088 514 2158 hostes,
536 2087 684 2144 habebitis.
716 2089 773 2143 'Ac
793 2085 864 2144 nihil
885 2086 976 2162 magis
995 2099 1103 2154 vereor,

147 2163 259 2238 “qubm
273 2184 320 2237 ne,
334 2184 383 2223 vos
395 2185 482 2240 quum
502 2165 702 2241 pugnaveritis,
727 2165 816 2240 Alpes
840 2164 940 2222 vicisse
956 2163 1105 2220 Hanniba-

147 2242 230 2298 “lem
257 2243 412 2301 videantur.
466 2241 524 2298 Sed
552 2244 591 2299 ita
612 2243 726 2300 forsitan
747 2243 854 2314 decuit,
874 2261 940 2299 cum
963 2241 1102 2301 scedarum

146 2323 165 2354 ⁶‘
175 2329 286 2393 ruptore
300 2321 374 2376 duce
388 2338 422 2376 ac
436 2319 538 2394 populo
552 2319 629 2376 Deos
643 2319 727 2396 ipsos,
751 2321 813 2377 sine
832 2321 887 2377 ulta
902 2321 1026 2378 humana
1039 2339 1102 2394 ope,
1111 2331 1140 2372 as

146 2396 349 2453 “committere
363 2415 397 2453 ao
410 2395 558 2472 profligare
573 2398 698 2466 bellum3
720 2418 781 2466 nos,
795 2399 843 2474 qui
855 2399 1014 2456 secundum
1025 2397 1104 2455 Deos

146 2477 165 2510 “
176 2473 270 2530 violati
284 2493 392 2547 sumus,
405 2474 587 2534 commissum
602 2494 637 2533 ac
647 2475 825 2552 profligatum
839 2476 991 2534 conficere.

187 2628 268 2688 XLI.
302 2630 400 2689 “Non
420 2650 528 2705 vereor,
547 2651 585 2690 ne
605 2631 668 2708 quis
688 2651 734 2690 me
755 2633 809 2690 hoc
829 2632 912 2689 vestri
934 2632 1103 2690 adhortandi

146 2712 164 2746 ⁶⁶
174 2709 262 2765 causi
275 2709 424 2784 magnifice
439 2710 514 2785 loqui
528 2711 688 2780 existimet3
710 2712 801 2786 ipsum
815 2711 895 2767 aliter
910 2711 1004 2768 animo
1018 2710 1104 2767 affec-

145 2792 232 2842 “tum
247 2806 318 2844 esse.
360 2788 455 2845 Licuit
468 2789 499 2845 in
523 2789 702 2864 Hispaniam,
725 2789 899 2864 provinciam
923 2807 1024 2858 meam,
1045 2787 1138 2862 qudao

146 2863 228 2940 “jam
243 2865 384 2940 profectus
397 2885 485 2937 eram,
499 2885 566 2923 curn
580 2867 706 2923 exercitu
722 2867 762 2923 ire
776 2885 858 2934 meo;
883 2866 931 2924 ubi
945 2878 974 2922 et
988 2866 1103 2922 fratrem

146 2943 285 3000 “consilii
306 2943 471 3018 participem
492 2962 526 3000 ac
549 2943 669 3018 periculi
690 2944 799 3001 socium
821 2944 963 3014 haberem,
979 2954 1009 3000 et
1029 2943 1103 3000 Has·

146 3020 319 3077 “drubalem
334 3019 436 3096 potius,
449 3021 534 3095 qualrn
554 3020 759 3094 Hannibalem,¹
778 3023 897 3089 hostem,
922 3032 951 3078 et
964 3021 1102 3078 minorem

146 3102 165 3135 “
174 3097 249 3153 haud
264 3097 350 3154 dubie
366 3099 468 3156 molem
489 3099 555 3155 belli
568 3118 574 3155 :
602 3110 709 3171 tamen,
722 3119 808 3174 quurn
823 3100 1040 3174 praeterveherer
1054 3117 1103 3154 na·

146 3181 165 3213 “
174 3174 255 3230 vibus
267 3175 367 3232 Gallie
380 3195 467 3247 oram,
482 3177 518 3233 ad
532 3177 635 3234 samam
650 3177 733 3252 hujus
747 3178 834 3235 hostis
848 3178 877 3233 in
891 3187 994 3234 terram
1008 3175 1137 3251 egressa

146 3259 165 3290 “
174 3270 232 3318 sus,
246 3253 389 3326 praemisso
402 3255 537 3328 equitatu,
552 3255 587 3312 ad
602 3255 776 3312 Rhodanum
792 3255 864 3312 movi
873 3265 973 3311 castra.
995 3253 1103 3327 Eques·

147 3329 208 3384 “tri
222 3329 330 3403 proelio,
344 3333 398 3403 qul
419 3343 497 3405 parte
511 3333 655 3407 copiarum
670 3332 837 3389 conserendi
862 3349 977 3388 manum
992 3331 1104 3388 fortuna

146 3406 240 3462 “data
259 3417 311 3479 est,
332 3407 440 3464 hostem
455 3409 537 3466 ludi:
570 3410 697 3484 peditum
718 3429 831 3485 agmen,
852 3410 926 3484 quod
941 3409 970 3465 in
987 3409 1103 3464 modum

147 3489 166 3524 ⁶‘
175 3483 343 3560 fugientium
356 3486 456 3561 raptim
471 3487 617 3562 agebatur,
637 3488 704 3562 quia
723 3488 833 3562 assequi
857 3487 933 3544 terrt't
956 3505 1012 3544 non
1027 3495 1104 3560 pote·

147 3569 165 3600 ‘⁶
174 3581 244 3635 ram,
258 3582 402 3638 regressus
416 3564 451 3620 ad
473 3583 569 3630 naves,
583 3566 689 3638 quantia
703 3565 824 3622 maxims
845 3565 990 3622 celeritate
1015 3563 1138 3638 potuita

147 3645 254 3697 “tanto
269 3641 353 3697 maris
367 3651 559 3714 terrarumque
574 3643 702 3711 circuitu,
723 3644 751 3699 in
766 3643 910 3699 radicibus
925 3643 1041 3717 Alpium
1054 3641 1104 3698 ob-

148 3721 167 3754 ‘⁶
176 3719 237 3774 vius
261 3718 310 3776 sui.
364 3719 443 3776 Huio
463 3718 590 3776 timendo
604 3719 675 3778 hosti
697 3719 799 3792 utrdm‚
820 3739 905 3794 quum
927 3721 1102 3778 declinarem
