2630 4228
177 344 235 405 100
574 339 644 390 'l'l'l'l
660 341 745 392 L1v11

174 484 269 559 itaque
282 483 312 542 in
326 482 418 561 majus
437 482 523 541 etiam
538 481 672 558 acceptis,
695 493 726 540 ut
740 483 813 539 inter
832 480 978 556 strepitum
992 490 1034 538 tot
1047 479 1133 540 bello·

174 580 238 618 rum
252 563 479 620 conticescerent
492 561 619 618 actiones
633 557 802 633 tribuniciae‚
815 558 944 615 delectus
955 558 1063 626 haberi,
1073 559 1132 616 bel·

173 637 232 694 lum
254 658 386 714 armaque
410 639 436 695 vi
460 640 569 694 summe
592 638 718 712 apparari
740 637 851 711 jubent,
876 635 900 692 si
920 633 975 710 qud
996 635 1131 692 intentius

172 717 270 788 possit,
291 716 376 790 quam
390 715 428 772 Τ.
442 713 565 776 Quintio
585 714 702 770 consule
724 722 888 788 apparatum
909 713 953 768 sit.
995 711 1073 768 Tum
1096 712 1130 770 O.

174 791 331 869 Canulejus
344 811 436 867 pauca
456 792 600 850 insenum
616 791 795 858 vociferatus,
816 789 1038 864 “nequidquam
1052 791 1131 846 terri·
1151 804 1165 843 ⁵

172 871 287 928 “tando
300 871 432 927 consules
453 879 579 926 avertere
600 868 711 942 plebem
737 887 754 928 a
775 869 844 924 curri
868 883 1004 930 novarum
1018 867 1129 942 legum;

172 949 346 1022 “nunquam
370 967 419 1004 eos
441 965 472 1003 se
497 947 558 1004 vivo
578 942 721 1002 delectum
746 945 900 1011 habituros,
922 957 1072 1018 antequam
1086 941 1146 1012 ea,v

171 1027 261 1100 “quae
283 1025 459 1100 promulgata
486 1023 521 1080 ab
542 1042 573 1079 se
595 1023 767 1098 collegisque
790 1033 895 1089 essent,
919 1021 1017 1098 plebes
1036 1022 1132 1079 sciris-

171 1105 190 1138 “
203 1113 246 1160 set
257 1103 291 1171 ;”
313 1112 342 1158 et
355 1101 504 1158 confestim
518 1101 555 1157 ad
568 1100 738 1158 concionem
752 1099 907 1157 advocavit.
957 1111 958 1114 ’

213 1257 253 1314 ll.
275 1256 385 1314 Eodem
399 1268 524 1332 ternpore
538 1267 567 1314 et
580 1257 713 1314 consules
726 1267 855 1312 senatum
878 1255 907 1312 in
921 1251 1076 1325 tribunum,
1098 1265 1127 1312 et
1140 1268 1164 1307 ro
1207 1259 1209 1262 '

170 1335 301 1392 tribunus
314 1335 448 1409 populum
469 1335 500 1392 iu
520 1334 655 1391 consules
676 1333 822 1390 incitabat.
864 1332 1017 1409 Negabant
1030 1351 1131 1388 consu·

169 1413 222 1483 les,
243 1415 261 1447 “
267 1412 326 1486 jam
342 1412 413 1469 ultrei
427 1412 493 1468 ferri
505 1431 587 1486 posse
602 1411 710 1468 furores
724 1411 910 1468 tribunicios:
944 1420 1059 1466 ventum
1070 1409 1130 1485 jam

171 1497 190 1526 ‘⁶
204 1491 239 1545 ad
254 1490 340 1546 finem
354 1507 436 1558 esse3
471 1489 547 1546 domi
560 1488 624 1564 plus
637 1489 703 1545 belli
717 1489 864 1558 concitari,
876 1489 963 1562 'quam
977 1487 1052 1544 foris.
1096 1487 1128 1543 ld

170 1571 189 1603 “
202 1566 274 1622 adeo
289 1585 345 1623 non
367 1566 457 1640 plebis
470 1566 556 1641 quim·
577 1566 702 1633 Petrum,
727 1585 819 1640 neque
841 1566 1017 1622 tribunorum
1039 1565 1130 1640 magis

170 1649 189 1680 ‘⁸
200 1643 285 1716 quam
306 1643 466 1716 consulum,
487 1644 570 1718 culpi
591 1644 741 1700 accidere:
763 1645 846 1718 cujus
866 1645 906 1700 rei
921 1643 1074 1718 'praemium
1090 1643 1126 1699 sit
1139 1654 1163 1693 1⁵

170 1725 189 1757 ‘⁴
201 1720 230 1776 in
252 1721 376 1792 civitate,
390 1740 453 1778 eam
474 1721 604 1778 maximis
624 1740 736 1795 semper.
756 1722 887 1796 auctibus
907 1738 1052 1776 crescere:
1080 1719 1141 1776 ‘sic'

169 1801 189 1832 “
200 1817 270 1872 pace
285 1798 383 1871 bonos,
405 1798 447 1856 sic
467 1799 541 1855 bello
555 1796 625 1855 lieri.
679 1797 837 1855 Maximum
859 1798 961 1855 Romae
981 1796 1128 1871 praemium

170 1882 189 1912 ‘⁶
200 1875 371 1932 seditionum
385 1894 467 1933 esse:
495 1876 524 1932 id
538 1887 566 1933 et
580 1876 700 1951 singulis
711 1877 904 1950 universisque
918 1893 1029 1950 semper
1039 1875 1129 1931 bono·

170 1959 189 1992 “
201 1953 224 2010 ri
252 1953 347 2010 fuisse.
401 1953 678 2026 Reminisoerentur,
706 1973 791 2028 quam
818 1953 993 2028 majestatem
1015 1953 1128 2008 senatus

169 2029 251 2104 “ipsi
264 2050 282 2087 a
295 2031 420 2106 patribus
441 2029 628 2107 accepissent,
650 2031 852 2104 quamlibcris
872 2029 1001 2087 tradituri
1015 2039 1162 2097 essent320

170 2115 189 2145 “
202 2119 232 2164 ut
246 2109 493 2184 (quemadmodum
507 2107 586 2184 plebs
599 2108 712 2183 gloriari
726 2109 833 2186 posset)
843 2107 996 2164 auctiorem
1012 2107 1144 2181 amplio-

169 2193 315 2260 “remque
328 2205 400 2243 esse.
442 2185 544 2242 Finem
556 2203 624 2260 ergo
638 2204 695 2242 non
709 2185 780 2258 lieri,
804 2203 858 2242 nec
873 2185 1005 2252 futuram,
1025 2185 1126 2250 donec,

170 2268 189 2300 “
200 2264 284 2336 quim
299 2263 397 2320 felices
410 2264 574 2330 seditiones,
597 2273 655 2318 tam
670 2263 798 2319 honorati
812 2263 983 2320 seditionum
997 2272 1127 2331 auctores

169 2345 302 2396 “essent
343 2339 427 2410 Quas
439 2350 614 2414 quantasque
638 2359 683 2396 res
704 2341 737 2397 C.
752 2340 922 2416 Canulejum
941 2341 1126 2414 aggressuml

169 2416 387 2473 “colluvionem
400 2417 538 2492 gentium,
553 2417 792 2491 perturbationem
802 2417 990 2492 auspiciorum
1001 2416 1127 2490 publico·
1135 2426 1161 2466 2⁵

169 2500 262 2548 “rum
276 2493 502 2568 privatorumque
516 2494 625 2566 afferre,
639 2513 676 2551 ne
690 2496 757 2568 quid
771 2495 885 2566 sinceri,
900 2513 936 2551 ne
949 2493 1017 2570 quid
1028 2493 1127 2550 incon·

168 2569 327 2626 “taminati
342 2571 377 2628 sit
389 2591 396 2626 ι
411 2581 451 2642 ut,
465 2571 630 2628 discrimine
639 2572 716 2629 omni
728 2573 847 2639 sublato,
859 2591 914 2628 nec
926 2591 956 2628 se
967 2571 1131 2646 quisquam,v

168 2655 187 2684 ‘⁶
199 2665 254 2703 nec
275 2667 340 2705 suos
351 2649 476 2706 moverit.
517 2648 616 2710 Quam
630 2649 707 2706 enirn
728 2650 811 2706 aliam
826 2650 882 2706 vim
904 2649 1049 2707 connubia
1061 2667 1124 2724 pro-

168 2729 187 2762 “
198 2726 308 2782 misena
322 2726 436 2798 hebere,
450 2726 505 2783 nisi
526 2737 557 2784 ut
578 2726 700 2784 ferarum
720 2729 805 2802 prope
820 2727 875 2784 ritu
889 2727 1039 2802 vulgentur
1058 2745 1126 2782 cou-

167 2802 312 2860 “cubitus
325 2804 416 2878 plebis
430 2804 621 2878 Petrumquel
655 2815 695 2876 ut,
715 2805 763 2878 qui
777 2815 861 2861 natus
874 2805 919 2876 sit,
942 2805 1061 2880 ignoret,
1077 2821 1125 2858 cu·
1134 2811 1160 2852 ³0

167 2884 186 2917 ‘⁶
194 2879 241 2954 jus
256 2881 412 2956 sanguinis,
427 2900 546 2954 quorum
560 2900 703 2939 sacrorum
718 2883 769 2951 sit;
799 2881 934 2939 dimidius
948 2881 1063 2938 Patrum
1077 2879 1124 2952 sit,

166 2962 185 2994 “
197 2957 332 3014 dimidius
344 2957 444 3033 plebis,
458 2976 497 3014 ne
517 2977 614 3014 secum
636 2960 750 3033 quidem
771 2960 831 3035 ipse
848 2977 978 3018 concors.
1019 2957 1124 3014 Parum

166 3033 226 3089 “id
241 3035 339 3107 videri,
353 3034 429 3110 quod
443 3035 539 3092 omnia
554 3035 650 3092 divine
671 3037 851 3111 humanaque
865 3037 1033 3094 turbentur:
1064 3035 1123 3110 jarn

113 3127 117 3144 ⁴
166 3116 186 3148 “
197 3111 233 3166 ad
247 3113 424 3170 consulatum
440 3112 516 3188 vulgi
530 3113 687 3172 turbatores
701 3115 831 3190 accingi3
851 3124 881 3170 et
893 3111 995 3189 primb‚
1010 3124 1041 3168 ut
1054 3112 1124 3168 alter

166 3188 295 3243 “consul
310 3189 441 3265 explebe
455 3191 543 3260 fieret,
558 3189 586 3246 id
601 3189 687 3248 modb
696 3192 872 3259 sermonibus
881 3193 1023 3247 tenuisse:
1045 3207 1123 3245 nunc
1133 3197 1159 3238 ³⁵

166 3265 299 3339 “rogem
321 3276 362 3344 ut,
384 3285 434 3322 seu
455 3286 492 3324 ex
512 3267 652 3340 Patribus,
674 3288 725 3324 seu
745 3288 781 3325 ex
801 3269 883 3344 plebe
904 3268 980 3337 velit,
1001 3266 1122 3342 populus

166 3347 185 3378 “
197 3341 329 3398 consules
342 3354 437 3400 ercet:
469 3355 497 3401 et
510 3359 654 3402 creaturos
668 3347 742 3401 haud
764 3346 849 3402 dubie
864 3365 900 3402 ex
915 3345 997 3420 plebe
1012 3343 1125 3400 seditio·

147 3487 151 3493 ᾗ
166 3422 184 3455 “
197 3418 338 3476 sissimum
352 3439 501 3494 quemque.
543 3421 699 3497 Canulejos
713 3423 797 3497 igitur
819 3423 970 3496 Iciliosque
991 3420 1124 3478 consules

166 3494 265 3552 “sore.
316 3498 362 3554 Ne
389 3498 418 3554 id
439 3499 550 3573 Jupiter
571 3499 704 3574 Optimus
732 3500 872 3556 Maximus
893 3500 1008 3564 sineret,
1037 3497 1124 3571 regiae
1155 3523 1162 3536 1

167 3578 187 3610 ‘⁶
198 3573 352 3648 majestatis
366 3576 513 3650 imperium
528 3575 564 3632 ed
586 3577 731 3634 recidere:
765 3588 838 3633 etse
859 3575 961 3632 millies
975 3575 1159 3632 morituros&

166 3654 186 3691 “
198 3651 301 3724 potius,
315 3655 400 3726 quim
415 3664 445 3710 ut
459 3664 566 3709 tantum
582 3653 730 3710 dedecoris
744 3655 853 3710 admitti
867 3654 1018 3728 patiantur.
1054 3650 1126 3707 Cer·

166 3731 256 3784 “turn
271 3730 384 3798 babere,
399 3731 519 3806 majores
542 3749 662 3804 qnoque,
687 3731 710 3786 si
731 3732 917 3797 divinassent,
938 3729 1126 3786 concedendo
