2620 4220
489 335 595 386 LIBER
610 336 693 396 XXX.
726 351 883 388 canneru.
1104 339 1165 408 239
1233 299 1235 303 Ι

204 495 233 555 pr
247 475 349 536 uberes
363 474 463 545 italie,
477 475 609 537 deductis
629 499 665 538 ex
685 479 845 554 asperrimis
857 477 1011 549 montibus,
1032 478 1061 536 in
1084 499 1164 556 spem

204 556 328 614 victorie
342 565 537 614 ostentantur:
578 555 695 614 Mauros
709 555 906 631 Numidasque
930 555 1092 612 Masinissa
1107 558 1165 616 im·
1226 620 1227 623 ,

204 633 312 708 potenti
336 633 440 690 futuro*
453 633 597 690 dominatu
620 645 714 692 terret.
756 635 829 696 Aliis
854 634 915 690 aliae
936 651 1000 708 spes
1024 652 1059 690 ac
1072 645 1165 692 metus

202 711 354 786 jactantur.
404 711 687 784 Carthaginiensibus
706 711 934 786 moeuiapatriae,
961 711 1010 768 Dii
1032 711 1163 779 Penates,

183 789 337 862 §sepulcra
351 787 583 863 majorumliberi
605 807 670 846 curn
695 789 868 863 perentibus,
889 789 1026 864 conjuges
1046 789 1164 864 pavidae,

206 876 255 922 aut
269 865 428 930 exscidium
443 865 653 940 seruitiumque,
676 876 726 924 aut
745 867 898 941 ,imperium
922 867 997 922 orbis
1016 877 1163 934 terrarum,

205 943 275 1000 nihil
291 953 340 1000 aut
353 944 383 1000 in
398 953 504 1000 metum
518 953 567 1000 aut
581 943 610 1000 in
624 963 702 1018 spem
717 945 842 1002 medium
856 955 1020 1002 ostentatur.
1061 943 1164 1005 Quum

205 1021 326 1080 maxime
342 1021 404 1077 heo
418 1021 568 1095 imperator
582 1021 656 1094 apud
671 1021 932 1097 Carthaginienses,
948 1022 1036 1079 duces
1050 1041 1165 1080 suarum

204 1098 332 1172 gentium
344 1098 417 1154 inter
431 1098 589 1172 populares,
599 1099 725 1172 plerique
734 1119 783 1174 per
794 1099 962 1174 interpretes
969 1099 1043 1156 inter
1054 1099 1165 1156 immix-

173 1193 196 1231 ιο
205 1187 247 1232 tos
261 1175 438 1250 alienigenis,
453 1185 579 1250 agerent,
591 1175 666 1232 tubae
680 1195 842 1251 cornuaque
856 1178 892 1234 ab
901 1177 1040 1234 Romanis
1052 1178 1166 1236 cecine-

204 1263 289 1310 runt:
311 1254 582 1330 tantusquefclamor
596 1264 682 1319 ortus,
708 1265 739 1311 ut
751 1255 894 1329 elephanti
915 1255 945 1312 in
959 1273 1035 1321 suos,
1049 1254 1165 1314 sinistro

204 1330 327 1387 maximi
336 1350 436 1400 cornu,
448 1341 632 1398 verterentur,
643 1330 762 1389 Mauros
770 1351 808 1388 ‘ec
819 1331 849 1389 N
851 1333 970 1390 umidas.
997 1333 1118 1388 Addidit
1126 1331 1166 1389 fa·

204 1408 260 1466 cili
275 1408 427 1464 Masinissa
440 1407 577 1482 perculsis
600 1418 745 1476 terrorem,
769 1410 942 1484 nudavitque
966 1409 1002 1466 ub
1025 1411 1061 1466 ed
1084 1420 1162 1483 parte

205 1487 295 1546 eciem
310 1485 432 1560 equestri
444 1485 557 1544 auxilio.
578 1485 682 1542 Paucae
691 1496 787 1542 tamen
802 1487 965 1558 bestiarum,
975 1487 1123 1561 intrepidae
1134 1488 1165 1544 in

172 1579 195 1620 u
205 1563 312 1620 hostem
323 1574 403 1630 actae,
413 1563 486 1620 inter
495 1563 610 1620 velitum
621 1564 735 1626 ordines
747 1582 813 1620 curu
825 1564 920 1620 multis
930 1564 990 1620 suis
1002 1564 1165 1624 vulneribus

204 1639 350 1714 ingentem
360 1651 483 1716 stragem
498 1640 639 1698 edebant:
670 1641 830 1698 resilientes
850 1642 928 1698 enim
952 1642 987 1698 ad
1006 1641 1165 1716 manipulos

204 1718 312 1784 velites,
327 1735 413 1792 quum
429 1718 501 1774 viam
512 1718 682 1794 elephantis,
692 1738 728 1776 ne
738 1719 947 1792 obtererentur,
959 1719 1112 1788 fecissent3
1134 1719 1164 1776 in

204 1795 343 1870 ancipites
357 1796 393 1852 ad
407 1796 495 1852 ictum
510 1797 650 1870 utrimque
675 1796 867 1872 conjiciebant
891 1798 1002 1864 hastas3
1031 1815 1086 1860 nec
1108 1797 1166 1872 pila

204 1873 240 1932 ab
254 1873 448 1948 antesignanis
461 1874 631 1941 cessabant3
652 1875 745 1934 donec
759 1874 884 1947 undique
896 1875 1089 1932 incidentibus
1100 1875 1165 1932 telis

167 1948 297 2010 coexacti
312 1969 347 2006 ex
362 1951 490 2008 Romani
505 1951 577 2018 acie,
593 1951 623 2008 hi
636 1970 746 2026 quoque
760 1951 790 2010 in
805 1969 856 2008 suo
873 1952 973 2008 dextro
986 1970 1075 2008 cornu
1090 1952 1165 2026 ipsos

205 2027 485 2102 Carthaginiensium
499 2029 610 2103 equites
630 2029 658 2084 in
686 2029 783 2104 sugam
809 2039 961 2103 verterunq¹
1003 2028 1118 2100 Laelius,
1133 2041 1166 2086 ut

203 2105 329 2162 turbatos
342 2106 411 2162 vidit
426 2107 528 2176 hostes,
544 2107 622 2162 addit
635 2106 772 2181 perculsis
782 2115 927 2164 terrorem.

225 2293 227 2297 .
250 2261 395 2320 XXXIV.
417 2261 565 2337 Utrimque
574 2263 668 2338 equite
677 2263 784 2322 nudata
794 2272 855 2320 erat
863 2261 974 2320 Punica
983 2263 1069 2334 acies,
1077 2281 1164 2336 quum

202 2339 290 2413 pedes
304 2340 457 2412 concurrit,
472 2359 527 2397 nec
541 2360 590 2416 spe
604 2360 660 2398 nec
673 2341 779 2398 viribus
789 2341 848 2416 jam
862 2359 932 2416 par:
954 2342 989 2398 ad
1007 2341 1069 2407 hoc,
1084 2341 1164 2398 dictu

164 2431 296 2494 asperus,
311 2418 472 2493 sed‘magni
492 2419 593 2476 eadern
614 2419 644 2476 in
665 2438 695 2476 re
715 2419 841 2494 gerendi
862 2420 997 2476 momenti
1018 2426 1073 2485 res,
1098 2437 1165 2474 con·

201 2513 308 2570 gruens
323 2495 428 2553 clamor
450 2515 467 2552 a
487 2496 637 2572 Romanis,
651 2495 742 2570 ecque
756 2496 845 2572 major
865 2507 894 2553 et
906 2497 1075 2554 terribilior:
1108 2496 1164 2554 dis·

202 2591 279 2629 sonae
295 2571 359 2639 illis,
374 2581 406 2630 ut
419 2573 547 2648 gentium
562 2575 714 2631 multarum
739 2574 966 2648 discrepantibus
980 2575 1095 2650 linguis,
1117 2592 1164 2632 vo·
1234 2641 1239 2650 ,

202 2667 259 2706 ces.
294 2650 394 2725 P-ugua
405 2651 538 2720 Romana
548 2651 665 2724 stabilis,
682 2661 711 2708 et
724 2671 776 2710 suo
789 2661 818 2708 et
829 2669 969 2708 armorum
981 2653 1108 2726 pondere
1122 2651 1164 2707 in-

202 2727 397 2784 cumbentium
412 2727 443 2794 in
457 2729 566 2786 hostem
580 2749 586 2786 :
607 2729 827 2788 concursatio-et
841 2728 973 2785 velocitas
983 2729 1061 2785 illino
1075 2728 1164 2803 major

167 2805 284 2878 acquim
299 2806 348 2862 vis
390 2805 481 2882 Igitur
494 2807 585 2881 primo
606 2807 712 2881 impetu
734 2806 875 2880 externplo
896 2808 1008 2862 morere
1021 2807 1085 2863 loco
1099 2806 1164 2862 hos·

160 2879 161 2882 '
201 2883 272 2940 tium
287 2884 378 2940 aciem
398 2883 543 2940 Romani:
577 2883 620 2940 alb
642 2885 746 2942 deinde
766 2896 796 2940 et
815 2884 986 2940 umbonibus
1008 2883 1162 2958 pulsantes,

201 2960 231 3017 in
245 2961 389 3018 submotos
401 2962 491 3036 gradu
510 2961 596 3034 illato,
617 2962 791 3036 aliquantum
816 2961 908 3038 spatii,
926 2961 1009 3030 ¹velut
1022 2961 1100 3020 nullo
1120 2979 1163 3018 re·

201 3037 327 3110 sistente,
343 3037 506 3108 incessere3
541 3040 708 3115 urgentibus
721 3051 750 3097 et
770 3039 929 3116 novissimis
942 3039 1056 3114 primos,
1071 3049 1102 3096 ut
1121 3057 1171 3104 ser

202 3116 257 3174 mel
279 3127 383 3176 motam
405 3117 496 3174 aciem
519 3120 633 3175 sensere
643 3137 651 3187 ;,
684 3118 758 3192 quod
773 3118 864 3192 ipsum
885 3117 942 3174 virn
967 3135 1100 3194 magnam
1127 3115 1163 3174 ed

167 3194 365 3268 repellendum
387 3195 496 3252 hostem
511 3196 641 3252 addebat.
684 3196 770 3270 Apud
798 3195 901 3262 hostes,
930 3195 1083 3254 auxiliares
1114 3213 1161 3252 ee·

201 3271 449 3330 dentes'secunda
470 3273 555 3346 acies,
578 3272 641 3330 Afri
668 3283 698 3330 et
718 3273 980 3348 Carthaginienses,
1012 3272 1083 3330 ederi
1104 3291 1162 3330 non

202 3351 388 3420 sustinebant,
403 3361 434 3407 ut
448 3351 546 3408 contra
559 3350 658 3419 etiarn,
672 3369 709 3408 ne
728 3351 891 3408 resistentes
911 3352 1093 3426 pertinaciter
1107 3350 1163 3426 pri·

201 3446 262 3486 mos
277 3429 415 3486 caedendo
428 3429 463 3484 ad
478 3448 508 3485 re
521 3428 681 3503 perueniret
695 3429 791 3496 hostis,
806 3429 908 3504 pedem
920 3429 1063 3486 referrent.
1106 3427 1164 3503 Igi-

201 3517 248 3562 tur
262 3506 413 3570 auxiliares
424 3517 503 3582 terga
523 3507 591 3564 dant
611 3507 744 3581 repente:
777 3518 814 3577 et,
837 3507 867 3564 in
881 3527 948 3564 suos
961 3507 1043 3578 versi,
1058 3507 1161 3582 partim

167 3601 193 3642 ⁴⁰
202 3584 332 3659 refugere
346 3585 376 3642 in
390 3586 546 3642 secundam
561 3585 662 3654 aciem,
678 3586 779 3660 partim
790 3605 847 3642 non
859 3585 1030 3660 recipientes
1039 3585 1160 3650 cedere,

201 3661 243 3718 uti
256 3660 339 3736 paulo
364 3662 428 3719 ante
454 3683 509 3720 non
535 3663 633 3738 adjuti,
656 3674 685 3720 et
700 3668 774 3722 'tune
787 3663 904 3720 exclusi.
947 3663 984 3720 Et
1006 3662 1091 3738 prope
1105 3661 1163 3721 duo

199 3739 259 3816 jam
272 3740 409 3816 permixta
424 3741 523 3816 proelia
536 3751 624 3811 eraut,
640 3761 725 3816 quum
736 3741 989 3816 Carthaginienses
1002 3739 1086 3798 simul
1095 3757 1162 3796 eum
