2620 4220
513 368 618 418 LIBER
633 370 687 418 XL.
721 379 778 420 cae.
793 381 853 418 rur.
1113 369 1173 426 267

213 509 376 574 “tutatus’'
417 509 517 572 Quum
531 527 663 586 pavorem
684 509 802 567 mixtum
824 509 1011 568 admiratione
1034 507 1106 584 patri
1130 511 1173 566 in·

210 591 376 669 jecisset*
385 590 483 663 Atqui,
503 589 526 644 si
548 604 631 644 aures
654 589 781 662 prebere
804 589 911 662 potes,”
934 588 1034 662 iuquit,
1056 588 1174 644 “mani-

212 671 343 726 “t'estam
364 685 423 724 rem
444 678 553 732 teneas,
576 665 709 722 saciam.'’
751 666 932 722 “Enimvero
945 667 1005 738 se,”
1028 666 1174 740 Philippus

212 748 320 817 dicere,
330 752 348 782 ‘⁸
358 735 518 800 auditurum
527 763 535 810 3
545 745 561 770 ”
577 744 726 816 vocarique
737 743 878 818 extemplo
887 744 1065 800 Demetrium
1074 744 1173 818 jussit:

190 835 241 881 ⁵et
252 825 377 880 seniores
390 822 462 878 duos
475 822 592 891 amicos,
610 831 741 895 expertes
765 821 838 876 inter
862 819 962 877 fratres
975 822 1174 891 certaminum,

212 902 407 975 infrequentes
428 898 486 973 jam
512 898 540 954 iu
565 897 651 972 regia,
667 897 869 971 Lysimachum
888 909 917 954 et
930 899 1118 956 Onomastum
1134 918 1176 954 ar·

212 979 309 1048 cessit,
323 997 393 1052 quos
407 977 436 1032 in
450 976 570 1033 consilio
585 975 709 1031 baberet.
751 975 827 1032 Dum
843 976 961 1033 veniunt
981 977 1077 1042 amici,
1099 976 1176 1033 solus

213 1057 271 1113 lilio
284 1055 381 1130 procul
396 1065 497 1123 stante,
520 1053 608 1110 multa
629 1072 727 1109 aecum
751 1053 846 1110 animo
861 1053 998 1124 volutans,
1020 1054 1177 1110 inambula-

212 1134 272 1190 vit:
294 1144 441 1207 postquam
455 1131 566 1188 venisse
579 1149 628 1186 eos
642 1131 803 1188 nuntiatum
817 1145 869 1197 est,
892 1131 1010 1188 secessit
1024 1131 1053 1188 in
1067 1143 1176 1206 partem

180 1223 204 1262 1⁰
213 1211 375 1268 interiorem
402 1227 469 1266 cum
496 1209 607 1266 duobus
626 1209 735 1277 amicis,
757 1209 873 1265 totidem
898 1210 1064 1266 custodibus
1077 1229 1177 1284 corpo·

213 1289 271 1346 ris:
293 1289 366 1358 liliis,
381 1298 413 1344 ut
426 1297 521 1344 ternos
536 1287 659 1342 inermes
672 1305 770 1343 secum
795 1287 1018 1352 introducerent,
1039 1287 1176 1362 permisit.

214 1366 260 1423 Ibi
274 1385 360 1441 quum
382 1365 577 1423 consedisset:
600 1364 753 1435 “Sedeoss’
778 1363 877 1437 inquit,
907 1365 1109 1422 “miserrimus
1130 1385 1177 1440 pa-

214 1451 297 1511 “ter‚
325 1445 415 1522 judex
438 1443 510 1500 inter
537 1443 609 1499 duos
639 1443 719 1512 filios,
749 1453 943 1500 accusatorem
973 1444 1127 1518 parricidii,
1148 1455 1178 1499 et

214 1529 323 1580 “reum
336 1542 344 1590 3
376 1531 425 1578 aut
438 1520 553 1578 conficti
567 1531 616 1576 aut
629 1521 745 1576 admissi
759 1521 887 1578 criminis
901 1521 994 1578 labem
1009 1522 1084 1596 apud
1100 1541 1178 1578 meos

181 1606 234 1652 ts“
244 1599 418 1658 inventurus.
460 1597 525 1655 Jam
547 1598 655 1673 pridem
676 1599 790 1671 quidem
813 1599 888 1656 hanc
912 1600 1064 1674 procellam
1087 1601 1178 1656 immi·

215 1688 361 1736 “nentem
375 1678 520 1742 timebam,
535 1695 621 1750 quum
636 1676 729 1733 vultus
744 1677 816 1733 inter
837 1696 885 1734 vos
906 1677 1024 1735 minime
1040 1678 1178 1735 fraternos

215 1763 234 1794 “
243 1775 400 1826 cernerem,
428 1773 514 1829 quum
537 1773 620 1810 voces
640 1755 776 1828 quasdam
797 1756 970 1814 exaudirem.
1014 1757 1071 1814 Sed
1093 1757 1178 1814 inter-

215 1839 235 1870 ‘⁶
245 1835 313 1890 dum
328 1853 392 1910 spes
406 1834 533 1890 animum
546 1832 669 1903 subibat,
693 1831 849 1908 deflagrare
863 1834 919 1892 iras
933 1846 1049 1906 vestras,
1063 1836 1178 1910 purgari

216 1917 235 1950 “
246 1913 431 1987 suspiciones,
453 1930 556 1985 posse:
590 1910 675 1966 etiam
707 1911 811 1982 hostes,
840 1913 926 1968 armis
956 1915 1064 1988 positis,
1087 1915 1179 1970 loedus

180 1992 234 2042 su“
244 1991 339 2060 icisse,
353 2001 382 2047 et
396 1990 517 2064 privatas
539 1988 690 2046 multorum
706 1988 864 2046 simultates
879 1990 991 2048 linitas:
1021 1992 1178 2048 subituram

182 2106 188 2120 .
215 2068 322 2124 “vobis
336 2067 486 2142 aliquando
500 2066 695 2142 germanitatis
711 2067 886 2140 memoriam,
907 2069 1022 2144 puerilis
1035 2069 1178 2143 quondam

215 2146 432 2220 “simplicitatis
445 2145 716 2218 consuetudinisque
738 2144 811 2202 iuter
833 2164 891 2217 vos,
907 2166 1033 2204 meorum
1055 2147 1179 2220 denique

216 2227 467 2298 “preceptorum
495 2241 568 2296 quae,
583 2241 690 2288 vereor,
712 2241 748 2280 ne
770 2242 841 2280 vana
862 2225 955 2280 surdis
975 2225 1091 2282 auribus
1105 2225 1180 2282 ceci·

216 2301 347 2358 “nerim
389 2301 512 2362 Quoties
526 2317 589 2376 ego,
604 2301 787 2358 audientibus
802 2301 889 2367 vobis,
909 2303 1064 2360 detestatus
1085 2322 1180 2360 errem·

180 2379 291 2454 ss‘tpla
311 2379 515 2436 discordiarum
538 2378 734 2444 fraternarum,
767 2381 921 2437 horrendos
942 2393 1061 2438 eventus
1082 2400 1178 2438 eorum

216 2463 235 2494 “
245 2458 338 2523 retuli,
359 2457 461 2531 quibus
474 2476 504 2512 se
518 2456 691 2530 stirpemque
712 2476 802 2529 suam,
816 2459 925 2524 domos,
940 2477 1036 2534 regna,
1052 2459 1180 2516 funditus

216 2541 236 2573 ‘⁶
245 2536 427 2592 evertissent!
471 2534 591 2590 Meliora
603 2554 715 2608 quoque
729 2536 860 2610 exempla
873 2547 951 2610 parte
972 2537 1061 2594 alteri
1081 2538 1179 2612 posui3

216 2619 236 2650 ‘⁶
244 2613 408 2670 sociabilem
423 2611 631 2683 consortionem
646 2612 719 2668 iuter
740 2613 821 2668 binos
840 2613 1121 2672 Lacedaemoniorum
1139 2635 1181 2672 re·

217 2697 303 2766 “ges,
329 2691 480 2746 salutarem
502 2709 552 2764 per
577 2689 665 2746 multa
684 2689 788 2746 saecula
810 2690 877 2763 ipsis
891 2692 1053 2765 patrieque.
1096 2693 1181 2750 Eam·

182 2769 310 2824 ³⁰“dem
332 2768 484 2833 civitatem,
500 2783 646 2841 postquam
668 2787 729 2824 mos
750 2768 803 2824 sibi
825 2768 928 2842 cuique
942 2770 1071 2844 rapiendi
1086 2781 1180 2844 tyran·

216 2847 341 2912 “uidem
362 2857 475 2902 exortus
501 2845 547 2910 sit,
568 2864 703 2901 eversam.
758 2845 823 2902 Jam
845 2847 896 2904 hos
917 2846 1076 2904 Eumenem
1100 2851 1181 2906 Atta·

169 2994 172 3000 Ι
216 2923 359 2998 “lamque
383 2923 494 2995 fratres,
518 2941 535 2978 a
555 2921 642 2996 qudm
663 2923 774 2996 exiguis
797 2924 892 2989 rebus,
916 2925 1002 3000 prope
1017 2937 1048 2982 ut
1062 2927 1181 3000 puderet

216 3001 316 3076 “regii
339 3001 470 3072 nominis,
498 3001 577 3067 mibi,
606 3001 759 3071 Antiocho,
782 3013 811 3058 et
835 3002 953 3060 cuilibet
973 3023 1073 3078 regum
1096 3004 1181 3079 hujus

216 3079 344 3148 “etatis
373 3079 451 3136 nulli
471 3097 501 3136 re
523 3079 621 3153 magis,
646 3077 733 3154 qudm
756 3079 879 3137 fraterni
900 3081 1098 3149 unanimitate,
1120 3101 1182 3158 reg·

182 3162 313 3212 ³⁵“num
335 3157 470 3230 aequasse.
511 3156 558 3213 Ne
586 3157 728 3214 Romanis
751 3157 867 3230 quidem
887 3160 1025 3234 exemplis
1046 3161 1180 3229 abstinui,

216 3238 307 3308 “qum
321 3245 370 3290 aut
384 3234 442 3290 visa
463 3245 512 3291 aut
536 3234 633 3290 audita
647 3235 786 3292 habebam
799 3255 805 3304 ;
840 3236 879 3294 T.
893 3247 923 3294 et
935 3237 968 3294 L.
982 3237 1180 3308 Quintiorum,

217 3312 292 3385 “qui
313 3311 418 3368 bellum
437 3331 550 3368 mecum
571 3323 739 3388 gesserunt;
774 3313 806 3369 Ρ.
830 3325 859 3370 et
881 3315 914 3372 L.
940 3316 1118 3390 Scipionum,
1131 3316 1180 3389 qui

217 3389 418 3446 “Antiochum
440 3389 626 3457 devicerunt3
660 3391 747 3465 patris
766 3393 914 3467 patruique
933 3412 1041 3464 eorum,
1061 3413 1180 3468 quorum

216 3471 407 3542 “perpetuam
436 3467 498 3524 vite
519 3468 701 3525 concordiam
722 3488 797 3526 mors
817 3489 927 3545 qunque
948 3472 1072 3528 miscuit.
1123 3471 1181 3528 Ne·

175 3555 207 3595 aa
217 3549 299 3620 “que
312 3564 361 3602 vos
375 3545 485 3602 illorum
500 3546 603 3617 scelus,
617 3546 772 3620 similisque
794 3548 895 3606 sceleri
913 3560 1043 3616 eventus,
1057 3551 1181 3607 deterre·

217 3627 236 3660 t‘
246 3641 306 3678 rea
327 3622 438 3680 vecordi
460 3622 601 3680 discordia
622 3623 731 3696 potuit3
761 3622 853 3699 neque
872 3627 971 3684 horum
992 3627 1067 3684 bona
1088 3645 1179 3692 mens,

217 3700 320 3756 “bona
334 3701 455 3772 fortuna,
471 3701 505 3756 ad
520 3701 669 3758 sanitatem
685 3700 808 3760 flectere.
849 3703 922 3762 Vivo
936 3715 964 3762 et
985 3705 1180 3778 spirantem,

219 3779 441 3836 “hereditatem
469 3797 561 3836 meam
588 3779 672 3836 ambo
692 3791 721 3836 et
741 3799 790 3857 spe
821 3793 849 3838 et
878 3783 1033 3857 cupiditate
1055 3782 1181 3860 improba
