2632 4224
160 411 167 418 .
233 390 290 468 V
545 346 649 396 LIBER
664 346 686 394 1.
706 357 817 394 samri.
1124 343 1161 402 18

158 429 186 574 l)
245 487 285 546 X.
306 487 372 545 Jam
388 486 539 544 admodum
565 485 683 561 mitigati
705 484 792 542 animi
812 483 898 559 raptis
910 493 1007 542 erant:
1028 492 1162 558 atrspta·

206 585 270 624 rum
294 575 426 640 parentes
450 575 510 625 tum
537 561 661 620 maxime
687 563 802 620 sordidat
826 571 901 618 veste
923 561 1110 638 lacrymisque
1132 571 1163 618 et

208 644 331 718 querelis
344 642 471 700 civitates
484 641 683 698 concitabant:
704 657 759 696 nec
772 639 848 696 domi
865 639 974 696 tanturn
992 639 1163 714 indignatio·

209 737 261 778 nes
287 720 479 785 continebant,
501 717 550 774 sed
577 717 823 792 congregabantur
848 717 972 810 undique
998 717 1034 774 ad
1060 715 1161 774 Titum

188 799 336 870 sTatium,
349 816 446 872 regem
469 795 658 852 Sabinorum:
678 805 708 852 et
730 794 887 870 legationes
907 813 953 862 eo,
976 793 1051 870 qubd
1075 793 1162 852 maxi·

210 895 287 936 mum
313 875 392 932 Tatii
415 892 519 930 nornen
541 872 569 930 in
592 872 637 928 bis
662 871 826 948 regionibus
851 883 920 938 erat,
947 871 1161 929 conveniebant.

210 953 397 1012 ceninenses
412 950 644 1023 Crustuminique
664 960 693 1006 et
716 951 903 1006 Antemnates
924 959 1015 1014 erant,
1037 949 1072 1005 ad
1093 967 1163 1023 quos

129 1076 163 1096 Α,
210 1032 271 1106 ejus
284 1030 394 1105 injurie
409 1048 472 1103 pars
485 1027 653 1102 pertinebat.
694 1025 787 1084 Lente
801 1045 885 1102 agere
906 1026 941 1084 iis
959 1025 1063 1083 Tatius
1082 1027 1164 1084 Sabi·

185 1143 193 1158 ·
210 1109 296 1181 nique
310 1107 448 1164 visisunt.
490 1105 548 1180 Ipsi
569 1104 642 1161 inter
662 1123 693 1161 se
713 1114 770 1160 tres
791 1103 887 1180 populi
903 1103 1092 1161 communiter
1106 1103 1164 1160 bel·

133 1254 136 1260 ¹
178 1201 202 1239 ro
210 1186 270 1242 lum
283 1194 392 1260 parant.
432 1183 478 1240 Ne
493 1182 670 1240 Crustumini
683 1181 796 1256 quidem
808 1193 890 1255 atque
902 1183 1101 1254 Antemnates,
1114 1201 1164 1258 pro

212 1263 312 1319 ardore
333 1261 430 1334 iraque
453 1259 677 1327 Ceninensium
691 1259 759 1316 satis
779 1277 810 1315 se
833 1257 953 1333 impigre
974 1269 1104 1317 movent:
1125 1259 1164 1316 ita

211 1359 261 1416 per
274 1359 305 1396 se
319 1339 526 1414 ipsum'notnen
540 1336 693 1394 Caeninum
703 1337 733 1394 in
745 1355 843 1412 agrum
855 1337 1019 1394 Romanurn
1028 1337 1163 1411 impeturn

211 1418 288 1474 facit.
330 1413 388 1474 Sed
409 1414 499 1474 effuse
518 1415 693 1472 vastantibus
714 1415 745 1471 fit
764 1413 863 1471 obvius
883 1433 950 1471 oum
965 1414 1091 1472 exercitu
1106 1415 1165 1474 Ro·

211 1495 315 1562 mulus,
324 1493 433 1568 levique
442 1493 597 1550 certamine
605 1493 697 1561 docet,
706 1511 806 1549 vanarn
818 1493 880 1549 sine
888 1491 993 1549 viribus
1004 1492 1072 1550 iram
1084 1511 1164 1550 esse:

180 1573 367 1629 mexercitum
389 1571 481 1628 lundit
504 1571 655 1646 fugatque:
684 1570 777 1626 fusum
797 1570 989 1645 persequitur:
1016 1589 1112 1646 regern
1134 1571 1163 1628 in

211 1650 310 1725 proelio
329 1650 490 1720 obtruncat,
511 1660 540 1706 et
560 1649 679 1724 spoliat:
700 1649 775 1704 duce
795 1648 917 1705 bostium
937 1648 1043 1714 occiso,
1065 1648 1164 1706 urbem

180 1725 183 1728 ’
212 1729 302 1802 primo
324 1727 430 1802 impetu
451 1726 536 1801 capit.
576 1725 649 1782 Inde
670 1717 795 1782 exer‘c'itu
816 1725 922 1782 victore
942 1725 1069 1796 reducto,
1094 1727 1164 1800 ipse,

212 1825 298 1878 quum
323 1805 404 1861 lactis
417 1804 458 1861 vir
479 1803 658 1880 magnificus,
672 1813 732 1860 turn
755 1803 892 1862 laetorum
911 1813 1065 1860 ostentator
1088 1803 1164 1860 haud

212 1881 312 1952 minor,
327 1882 415 1956 spolia
432 1881 514 1938 ducis
534 1881 655 1938 bostium
677 1879 743 1937 cresi
765 1900 902 1955 suspensa
922 1881 1058 1938 fabricato
1079 1882 1114 1938 ad
1136 1881 1164 1938 id

178 1959 277 2034 suapte
305 1959 412 2022 ferculo
437 1977 549 2034 gerens,
571 1959 600 2015 in
624 1957 795 2033 Capitolium
819 1959 983 2015 adscendit:
1010 1959 1104 2033 ibique
1130 1977 1165 2016 ea

211 2057 298 2111 quum
313 2037 348 2092 ad
361 2055 496 2110 quercum
510 2036 666 2110 pastoribus
680 2054 788 2092 sacram
803 2036 987 2110 deposuisset,
1001 2036 1084 2094 sirnul
1099 2057 1164 2094 cum

213 2116 288 2172 dono
308 2115 467 2188 designavit
492 2113 596 2188 templo
617 2113 695 2170 lovis
716 2113 797 2180 fines,
819 2131 1033 2188 cognomenque
1057 2115 1166 2172 addidit

173 2203 185 2260 ·,
213 2191 294 2249 Deo:
316 2195 335 2223 “
347 2191 365 2247 J
368 2191 458 2265 opiter
471 2189 609 2260 Feretri,’'
623 2191 723 2264 inquit,
737 2201 757 2226 ‘⁸
766 2191 828 2248 haec
851 2191 902 2251 tibi
925 2191 1012 2248 victor
1024 2191 1166 2250 Romulus

214 2280 297 2326 “rex
311 2269 390 2344 regia
403 2286 479 2326 arma
488 2267 562 2338 fero;
576 2269 768 2342 templumque
777 2269 811 2326 iis
819 2269 992 2344 regionibus,
1003 2289 1072 2344 quas
1080 2271 1165 2328 modd

178 2352 232 2407 ssss
244 2347 339 2404 animo
359 2357 481 2404 metatus
501 2365 573 2418 sum,
594 2343 706 2413 dedico,
728 2347 824 2404 sedern
845 2347 946 2421 opllbis
966 2349 1071 2423 spoliis,
1092 2369 1165 2423 ques,

136 2465 138 2470 «
204 2431 232 2504 .“
244 2425 359 2499 regibus
369 2424 546 2498 ducibusque
555 2424 676 2481 bostium
686 2425 778 2495 caesis⁴
792 2443 838 2482 me
852 2437 994 2483 auctorem
1004 2438 1164 2501 sequentes,

213 2503 348 2576 “posteri
363 2502 481 2558 ferent.”
523 2501 595 2558 Haec
608 2501 705 2576 templi
718 2517 761 2559 est
780 2503 870 2578 origo,
884 2505 958 2577 quod
971 2504 1092 2580 primurn
1106 2524 1166 2562 om·

212 2581 293 2636 nium
307 2579 408 2638 Rome
421 2590 561 2636 sacratum
576 2590 627 2636 est.
668 2579 713 2636 Ita
726 2579 831 2638 deinde
844 2581 907 2638 Diis
921 2577 1021 2650 visum,
1036 2601 1091 2640 nec
1105 2582 1166 2640 irri·

212 2668 270 2714 tam
284 2658 437 2714 conditoris
450 2657 546 2732 templi
561 2676 659 2715 vocem
674 2675 746 2723 esse,
760 2659 816 2732 quai
836 2659 941 2716 laturos
956 2679 991 2716 ea
1004 2661 1092 2735 spolia
1105 2679 1167 2735 pos·

119 2742 129 2796 .’
178 2745 289 2794 anteros
309 2736 499 2810 nuncupavit3
527 2754 593 2802 nec,
615 2735 795 2792 multitudine
813 2720 993 2821 worn,
1015 2739 1077 2813 ejus
1098 2738 1166 2795 doni

213 2809 320 2888 vulgari
341 2813 463 2870 laudem.
514 2812 588 2870 Bina
610 2823 717 2888 postea,
738 2813 811 2870 inter
828 2819 872 2872 lot
895 2833 994 2886 annos,
1018 2826 1059 2873 tot
1082 2815 1165 2883 bella,

212 2891 306 2965 opima
318 2902 397 2966 parta
411 2901 477 2948 sunt
490 2890 597 2966 spolia:
619 2890 691 2948 aded
704 2909 766 2948 rara
779 2891 840 2968 ejus
854 2892 966 2949 fortuna
979 2893 1090 2950 decoris
1103 2893 1164 2950 luit.

217 2975 224 3008 ,
1180 2977 1187 2984 .

131 3097 133 3104 ,
195 3045 199 3056 ’
252 3045 307 3104 XI.
330 3045 406 3104 Dum
420 3066 455 3104 ea
474 3047 513 3104 ibi
528 3047 654 3106 Romani
666 3058 778 3124 gerunt,
794 3049 1010 3107 Antemnatium
1024 3049 1166 3107 exercitus

212 3141 263 3198 per
274 3125 455 3184 occasionem
469 3144 503 3183 ao
524 3126 706 3204 solitudinem·
726 3127 862 3184 hostiliter
883 3127 912 3184 in
934 3125 1005 3184 fines
1019 3125 1166 3186 Romanos

178 3202 403 3260 :uincursionem
428 3203 514 3262 lacit:
536 3204 636 3280 raptim
657 3213 686 3260 et
706 3204 741 3260 ad
762 3204 813 3261 hos
834 3205 967 3262 Romana
987 3205 1061 3281 legio
1079 3207 1166 3262 ducta

215 3281 324 3352 palatos
344 3281 468 3357 inagris
488 3281 634 3357 oppressit.
684 3281 753 3338 Furi
777 3281 863 3357 igitur
907 3283 979 3340 rimo
1005 3284 1112 3358 impetu
1138 3293 1168 3340 et

113 3403 115 3406 .
214 3357 338 3414 clamore
351 3358 443 3416 hostes
455 3379 462 3417 :
483 3360 617 3435 oppidum
631 3369 763 3434 captum:
783 3361 861 3434 dupli
881 3376 944 3435 ique
956 3361 1073 3418 victorii
1083 3379 1168 3418 ovan-

216 3443 272 3492 tern
287 3435 442 3494 Romulum
456 3437 582 3495 Hersilia
602 3435 716 3512 conjux,
730 3438 862 3512 precibus
884 3448 1026 3515 raptarum
1040 3439 1166 3514 fatigata,

213 3524 283 3580 orat,
304 3524 336 3571 ut
357 3516 521 3590 parentibus
540 3533 638 3572 earum
657 3515 705 3572 det
725 3515 847 3583 veniam,
865 3528 894 3574 et
915 3517 944 3573 in
965 3515 1107 3574 civitatem
1122 3535 1169 3574 ac·

180 3591 316 3666 accipian
337 3593 377 3649 ita
397 3611 457 3650 rem
481 3593 641 3650 coalescere
662 3593 816 3654 concordiis
837 3613 926 3667 posse.
968 3593 1066 3650 Facile
1081 3595 1168 3666 impe·

213 3679 327 3726 tratum.
363 3670 435 3728 Inde
447 3681 545 3728 contra
558 3670 756 3738 Crustuminos
766 3671 917 3744 profectus,
929 3671 1034 3726 bellum
1046 3671 1168 3726 inseren-

160 3769 164 3773 ’
214 3739 265 3805 tes.
307 3749 352 3806 lbi
365 3749 460 3808 minus
471 3748 566 3812 etiam,
578 3747 654 3820 qubd
668 3739 768 3802 alienis
781 3747 910 3803 'cladibus
928 3747 1092 3802 ceciderant
1108 3744 1168 3802 ani·

560 3825 580 3880 2

625 3959 667 3990 l..
