2630 4228
157 348 214 410 122
557 349 627 401 'rm
643 347 727 400 mvn

153 490 230 556 retis,
245 498 442 564 exsequentes.
483 489 633 550 Flamen
626 491 738 550 mterim
752 486 912 552 Quirinalis
935 489 1115 578 virginesque

154 566 293 634 Vestales,
308 568 411 625 omissi
426 587 520 625 rerum
535 588 649 625 suarum
671 573 749 658 curt,
770 587 832 642 quae
857 569 1001 624 sacrorum
1016 589 1114 627 secum

153 643 279 710 serenda,
293 664 357 718 quae
380 645 497 720 (quia'
472 665 545 702 vires
569 647 719 703 adomnia
743 646 860 702 ferenda
877 647 1009 721 deerant)
1031 647 1115 704 relin·

152 723 265 794 quenda
278 734 383 794 essent,
398 724 600 792 consultantes,
614 725 711 796 quisve
725 742 759 779 ea
773 723 853 788 locus
868 722 944 778 fideli
958 737 1115 780 asservatu-

151 817 200 854 rus
221 800 350 856 custodiri
363 811 455 868 esset;
476 801 614 874 optimum
629 802 747 865 ducunt,
763 801 877 856 condita
893 801 921 856 in
943 800 1055 856 doliolis
1068 821 1111 858 sa·
1133 818 1148 858 a

150 875 223 932 cello
236 877 363 950 proximo
387 877 495 934 aedibus
519 877 641 934 flaminis
653 877 898 953 Quirinalis-(ubi
912 896 991 934 nunc
1012 879 1121 952 despui¹

150 953 251 1028 religio
264 953 321 1032 est)
336 955 469 1011 defodere
482 974 489 1011 :
519 965 632 1021 caetera,
654 955 727 1010 inter
748 973 778 1010 se
792 973 879 1010 onere
892 956 1003 1028 partito,
1020 955 1113 1013 ferunt

149 1029 204 1094 vrit,
219 1049 283 1104 quie
296 1032 416 1088 sublicio
429 1043 516 1105 ponte
530 1032 610 1087 ducit
623 1033 658 1088 ad
673 1031 848 1087 laniculum
882 1031 917 1088 Ιιι
929 1051 965 1088 eo
978 1031 1051 1088 clivo
1064 1052 1114 1089 eas

148 1109 291 1180 quumL.
312 1109 456 1179 Albinius,
478 1110 515 1165 de
538 1109 621 1182 plebe
645 1109 888 1180 Βοιιιιιιιιιιοιιιο,
909 1110 1113 1182 conspexisset,

148 1184 274 1256 plaustro
295 1185 448 1260 conjugem
473 1205 508 1242 ac
533 1187 637 1244 liberos
668 1187 775 1242 vehens
802 1185 895 1244 inter
905 1199 1035 1242 ceteram
1058 1195 1115 1243 tur·
1123 1204 1148 1243 rc

149 1259 224 1326 bam,
254 1281 327 1334 quae,
356 1263 464 1319 inutilis
491 1263 573 1332 bello,
609 1264 680 1318 urbe
714 1263 887 1330 excedebat;
922 1263 999 1319 salvo
1027 1265 1112 1321 etiam

148 1347 209 1394 tum
231 1339 397 1396 discrimine
428 1307 588 1396 divinarurir
620 1341 864 1412 humanarumque
892 1357 996 1410 rerum,
1013 1341 1114 1398 irreli-

148 1415 261 1488 giosum
284 1427 370 1482 ratus,
395 1419 558 1474 sacerdotes
577 1417 707 1490 publicos
721 1435 857 1489 sacraque
870 1418 965 1491 populi
987 1386 1113 1483 itomani

148 1493 336 1565 pedibusue,
352 1493 494 1566 ferrique3
516 1513 547 1549 se
561 1513 595 1548 ac
609 1513 674 1549 suos
689 1493 718 1550 in
733 1493 863 1550 vehiculo
887 1495 1032 1568 conspici3
1066 1497 1114 1552 de·

148 1571 290 1625 scendere
315 1589 434 1626 uxorem
461 1589 496 1626 ac
524 1589 626 1645 pueros
651 1571 745 1644 jussit,
774 1571 898 1644 virgines
926 1591 1062 1644 sacraque
1083 1573 1148 1630 iura

146 1645 304 1719 plaustrum
326 1647 469 1722 imposuit,
497 1658 526 1704 et
546 1648 637 1717 Caere,
658 1646 713 1721 qud
743 1648 797 1704 iter
827 1649 1022 1704 sacerdotibus
1043 1661 1114 1724 erat,

145 1724 281 1797 pervexit.

186 1879 267 1938 XLI.
298 1881 401 1940 Romu
423 1884 546 1956 interim,
568 1884 638 1940 setis
654 1883 714 1960 jam
733 1851 876 1955 omnibus,
898 1893 929 1940 ut
950 1883 979 1940 ιιι
1000 1883 1049 1940 tali
1070 1902 1111 1952 re,

146 1959 181 2014 ad
204 1961 340 2016 tuendam
362 1981 457 2018 arcem
480 1963 653 2036 compositis,
673 1962 755 2018 turba
776 1961 929 2032 seniorum,
951 1962 1050 2026 domos
1069 1979 1112 2018 re·

146 2054 255 2110 gressa,
279 2039 430 2095 adrentum
454 2040 577 2096 hostium
596 2040 738 2096 obstinato
752 2039 787 2094 ad
809 2007 929 2094 morterri
950 2043 1045 2095 enimc
1064 2059 1113 2097 ex
1120 2056 1149 2095 ac

147 2115 304 2187 spectabat.
345 2116 407 2177 Qui
421 2135 519 2176 eorum
534 2117 648 2173 curules
662 2127 809 2191 gesserant
827 2116 1014 2190 magistratus,
1031 2128 1061 2172 ut
1081 2116 1112 2173 in

147 2191 269 2248 sortunae
284 2194 408 2267 pristinae
433 2196 627 2268 honorumque
652 2205 701 2250 aut
722 2193 831 2250 virtutis
852 2193 1011 2267 insignibus
1025 2213 1112 2250 more·

147 2281 255 2337 rentur,
270 2289 333 2342 quae
347 2272 546 2344 augustissima
562 2272 645 2327 vestis
659 2282 702 2326 est
722 2281 817 2326 tensas
831 2271 1003 2328 ducentibus
1016 2272 1113 2328 triurn-

144 2347 345 2420 phantibusve,
366 2352 399 2402 ct
422 2349 515 2404 vestiti
529 2349 623 2404 medic
639 2349 742 2405 aedium
757 2345 892 2404 eburneis
913 2349 988 2403 sellis
1002 2350 1110 2404 sedere.
1194 2399 1197 2404 .

145 2423 228 2488 Sunt,
243 2425 302 2496 qui,
318 2423 357 2482 M.
372 2425 463 2481 Fabio
476 2425 609 2500 pontifice
625 2426 749 2481 maximo
769 2425 905 2499 praelante
920 2445 1047 2488 carmen,
1063 2427 1146 2481 (ιε-ιι

145 2501 251 2556 vovisse
273 2521 322 2557 eos
342 2521 374 2558 se
393 2523 447 2576 pro
465 2503 553 2576 patrii
574 2503 795 2576 Quiritibusque
816 2503 966 2574 Romanis,
987 2503 1109 2560 tradant.

143 2579 231 2650 Galli,
244 2590 272 2636 et
286 2580 352 2653 quia
367 2581 528 2655 interpositi
545 2594 629 2638 nocte
644 2601 660 2636 a
675 2581 859 2637 contentione
876 2597 979 2654 pugnae
994 2582 1111 2636 remise·

143 2669 207 2714 rant
221 2658 341 2724 animus,
355 2669 384 2715 ct
398 2659 472 2733 quid
490 2678 545 2715 nec
569 2659 597 2715 in
623 2659 686 2715 acie
708 2659 824 2731 ancipiti
850 2677 969 2732 usquam
985 2671 1112 2714 certave-

143 2749 207 2792 rant
221 2737 329 2809 proelio,
345 2756 400 2794 rrec
413 2749 472 2794 tum
495 2737 602 2811 impetu
623 2747 672 2792 aut
694 2737 719 2791 ri
740 2737 892 2810 capiebant
914 2737 1022 2806 urbem,
1045 2735 1107 2791 sine

144 2813 194 2880 irai,
209 2815 272 2870 sine
293 2815 391 2872 ardore
416 2815 586 2884 animorum,
606 2814 725 2890 ingressi
740 2825 850 2887 postero
870 2813 917 2868 die
939 2815 1037 2868 urbem
1061 2827 1146 2886 pa-so

78 2885 87 2902 ”
143 2903 222 2948 tente
250 2891 364 2948 Collina
391 2893 480 2966 porta,
503 2893 532 2947 in
554 2893 644 2948 forum
666 2892 842 2965 perveniunt,
875 2891 1110 2946 circumferentes

143 2971 244 3027 oculos
256 2970 292 3025 ad
306 2969 412 3044 templa
426 2969 703 3042 Deum,arcemque,
726 2969 813 3025 solam
835 2969 901 3024 belli
923 2969 1047 3042 speciem
1071 2979 1111 3024 te-

144 3059 272 3103 nentem.
315 3047 398 3119 lude,
411 3047 525 3104 modico
546 3047 645 3102 relicto
659 3047 790 3119 praesidio
808 3045 934 3119 (nequis
949 3047 976 3101 in
993 3046 1109 3118 dissipa·

144 3135 188 3181 tos
202 3144 237 3180 ex
254 3143 320 3180 arce
334 3137 382 3181 aut
397 3125 536 3200 Capitolio
558 3125 680 3198 impetus
695 3124 797 3200 lieret),
822 3123 922 3196 dilapsi
938 3123 972 3178 ad
987 3124 1110 3196 praedom

144 3202 242 3259 vacuis
255 3221 376 3258 occursu
400 3204 547 3260 hominum
573 3201 632 3269 viis,
647 3221 713 3275 pars
728 3201 756 3256 ιιι
772 3202 898 3275 proxima
912 3215 1030 3274 quisquc
1052 3213 1146 3256 tec-³⁵
1232 3245 1243 3256 ,

145 3291 237 3338 torum
253 3280 367 3353 agmine
388 3291 490 3348 ruunt;
503 3282 577 3354 'pars
591 3281 698 3348 ultima,
721 3279 796 3334 velut
817 3297 852 3333 ea
866 3279 980 3333 demum
1005 3279 1111 3334 intacta

146 3369 175 3415 et
189 3358 291 3414 referta
305 3358 410 3431 praedit,
424 3370 540 3432 petum:
571 3359 637 3414 inde
652 3375 748 3412 rursus
764 3356 837 3444 ipsi·
838 3356 990 3412 solitudine
1005 3355 1111 3411 abster-

147 3437 205 3501 riti
219 3455 255 3491 ne
269 3455 325 3508 qua
340 3435 415 3491 fraus
429 3435 537 3491 hostilis
561 3455 646 3510 vagos
662 3436 814 3508 exciperet,
831 3434 858 3488 in
882 3433 971 3488 forum
994 3452 1028 3488 ac
1050 3452 1112 3506 pro·

147 3515 254 3590 pinque
269 3514 328 3570 foro
341 3514 403 3570 loca
424 3513 585 3587 conglobati
565 3513 756 3570 tredibant:
785 3511 833 3566 ubi
848 3530 896 3593 eos
899 3511 1011 3584 ,plebis
1026 3510 1112 3566 aedifi-

149 3594 202 3650 ciis
230 3593 375 3660 obseratis,
404 3591 566 3666 patentibus
593 3591 671 3646 atriis
703 3589 873 3664 principum,
901 3589 989 3661 major
1024 3587 1147 3662 proptiae

149 3670 297 3728 cunctatio
319 3671 434 3726 tenebat
454 3681 560 3743 aperta,
590 3666 676 3740 quiam
698 3668 805 3736 clausa,
837 3667 1005 3722 invadendi:
1040 3663 1113 3720 adeo

150 3749 225 3807 baud
240 3767 323 3805 secus
336 3747 422 3822 quam
447 3745 640 3804 venerabundi
662 3745 866 3800 intuebantur
861 3763 889 3800 m
911 3744 1013 3799 aedium
1030 3743 1113 3802 vesti-
