2630 4228
155 322 213 383 tro
562 319 636 390 ¹'llil
652 315 737 374 trrtt

153 482 202 522 aus
215 481 280 520 eum
295 463 392 520 vineas
406 458 491 539 agere
506 462 636 536 instituit,
660 482 710 539 per
733 481 803 538 quas
817 459 890 520 aries
903 462 1046 522 moenibus
1065 463 1123 523 ad·-

154 542 259 600 moveri
273 553 383 616 posset:
405 542 454 597 sed
469 553 500 598 ut
513 541 592 598 locus
613 542 711 616 procul
732 559 813 598 muro
827 541 895 597 satis
909 560 1007 614 aequus
1021 560 1115 617 ,agen-

154 619 197 674 dis
222 619 312 675 vineis
338 619 408 688 luit;
444 619 483 675 ita
507 619 722 693 haudquaquam
744 617 888 694 prospare,
909 631 1060 692 postquam
1078 621 1114 678 ad

153 695 288 752 effectum
301 697 394 771 operis
408 707 523 752 ventum
536 707 589 762 est,
604 697 705 771 coeptis
719 697 910 754 succedebat:
931 707 960 752 et
974 697 1059 753 turris
1073 699 1115 754 in-

153 791 224 848 gens
237 774 418 830 imminebat:
440 785 468 830 et
483 793 590 838 murus,
606 788 636 830 ut
651 776 680 830 in
694 785 826 848 suspecto
840 773 912 844 loco,
932 793 1016 848 supra
1030 787 1116 832 caete·
1136 783 1151 822 ⁵

154 869 191 907 rae
205 852 320 907 modum
335 851 492 908 altitudinis
516 852 659 921 emunitus
683 863 761 918 erat;
793 861 820 907 et
839 851 972 926 juventus
993 852 1116 927 delecta,¹

154 929 203 984 ubi
217 929 371 1002 plurimum
386 928 505 1002 periculi
519 947 553 984 ac
575 929 678 984 laboris
691 928 901 994 ostendebatur,
916 928 955 984 ibi
970 929 995 984 vi
1010 930 1115 1004 majore

152 1006 337 1063 obsistebant.
380 1008 424 1062 Ac
445 1004 537 1081 primo
561 1005 715 1064 missilibus
735 1006 901 1062 submovere
920 1007 1038 1077 hostem,
1060 1027 1115 1064 uec

152 1084 304 1156 quidquam
320 1083 388 1139 satis
401 1093 492 1139 tutum
517 1083 713 1140 munientibus
736 1083 801 1157 pati.
844 1081 956 1140 Deinde
976 1083 1034 1158 jam
1057 1105 1113 1141 non
1154 1075 1188 1143 ¹..

153 1180 203 1235 pro
218 1161 360 1216 moenibus
374 1159 457 1217 modii
471 1171 555 1234 atque
569 1161 638 1216 turri
653 1161 710 1218 tela
723 1161 839 1231 micare,
854 1161 903 1218 sed
918 1161 954 1216 ad
965 1179 1116 1236 erumpen·
1127 1168 1151 1207 ¹⁰

152 1239 220 1294 dum
235 1238 320 1294 etiam
337 1239 364 1295 in
380 1238 516 1294 stationes
528 1256 669 1312 operaque
681 1238 803 1294 bostium
822 1239 934 1294 animus
947 1250 1026 1307 erat;
1055 1241 1116 1313 qui·
1188 1276 1190 1279 -

154 1315 208 1371 bus
221 1315 411 1372 tumultuariis
425 1315 628 1372 certaminibus
646 1317 722 1372 baud
745 1315 832 1372 ferme
854 1316 949 1390 plures
963 1317 1115 1392 Saguntini

152 1394 305 1464 cadebant,
318 1393 402 1467 quim
418 1393 508 1450 Poeni.
550 1392 588 1450 Ut
600 1393 665 1450 verb
677 1393 822 1453 Hannibal
836 1393 906 1467 ipse,
920 1395 988 1449 dum
1004 1414 1116 1454 murum

155 1470 300 1528 incautius
313 1471 399 1537 subit,
414 1471 563 1526 adversum
577 1469 668 1528 lemur
682 1471 793 1546 tragula
815 1471 937 1542 graviter
952 1471 1025 1533 ictus
1039 1473 1115 1534 ceci·

152 1549 214 1618 dit;
248 1559 328 1605 tanta
348 1549 425 1604 circa
446 1548 513 1623 fuga
534 1567 568 1604 ac
589 1548 827 1622 trepidatio-luit,
855 1559 886 1605 ut
911 1567 970 1605 non
991 1550 1151 1614 multum¹⁵
1188 1531 1227 1622 lt

153 1627 274 1698 abesset,
288 1626 356 1700 quin
371 1643 456 1700 opera
469 1645 504 1682 ac
518 1627 608 1682 vineae
622 1628 863 1684 desereremus!
1066 1665 1069 1668 -
1150 1623 1223 1682 „ss

193 1781 279 1839 Vlll.
301 1782 422 1840 Obsidio
436 1781 540 1839 deinde
554 1801 604 1858 per
618 1802 724 1859 paucos
735 1783 905 1858 diesma‘gis,
914 1781 999 1856 quim
1010 1803 1117 1862 oppug-

154 1861 242 1932 natio,
258 1861 319 1931 suit,
344 1861 412 1916 dum
436 1861 538 1920 vulnus
558 1859 641 1917 ducis
654 1871 816 1917 curaretur:
838 1879 887 1934 per
908 1862 983 1934 quod
1003 1874 1115 1936 tempus

153 1950 186 1996 ut
198 1939 279 2013 quies
293 1939 479 1996 certaminum
494 1949 564 2004 erat,
579 1939 617 1994 ita
631 1939 667 1994 ab
686 1950 820 2012 apparatu
844 1958 960 2012 operum
976 1957 1010 1994 ae
1024 1941 1116 1996 muni-

153 2017 263 2074 tionum
278 2017 349 2074 nibil
370 2028 521 2074 cessatum.-
563 2016 662 2090 Itaque
687 2015 781 2072 acrius
805 2016 840 2074 de
856 2017 966 2092 integro
985 2018 1151 2074 obortumw
1184 2037 1186 2042 ’

154 2107 198 2152 est
212 2095 336 2164 bellum;
357 2095 539 2170 pluribusque
553 2094 688 2168 partibus,
712 2093 758 2149 vix
781 2094 989 2168 accipientibus
1002 2095 1115 2168 quibus·

153 2173 219 2230 dam
250 2193 336 2248 opera
365 2173 444 2238 locis,
473 2173 563 2229 vineae
590 2183 691 2246 coeptae
720 2171 776 2246 agi,
806 2171 1008 2246 admoverique
1032 2173 1114 2240 aries.

156 2249 686 2308 Abundabatmultitudinehominnm
702 2249 826 2317 Faenus:
857 2250 893 2318 ad
908 2267 1023 2306 centum
1038 2251 1115 2306 enim
1156 2226 1213 2304 ‘ll'

154 2328 359 2402 quinquaginta
376 2327 463 2382 millia
484 2327 616 2383 habuisse
637 2327 666 2383 in
688 2327 775 2383 armis
795 2327 863 2384 satis
883 2328 1015 2390 creditur,
1056 2327 1116 2402 Op·

154 2406 252 2480 pidani
266 2405 411 2463 adomnia
425 2404 531 2460 tuenda
544 2416 627 2478 atque
641 2405 774 2461 obeunda
788 2404 971 2462 multifariam
985 2406 1114 2462 distineri
1124 2412 1152 2451 ὕ

155 2484 240 2558 coepti
255 2493 337 2539 sunt:
358 2493 387 2538 et
401 2501 459 2539 non
473 2481 653 2539 sufficiebant
668 2482 736 2558 (jam
752 2483 829 2540 enim
853 2483 1024 2539 feriebantur
1046 2484 1117 2540 arie·

154 2562 244 2638 tibus)
267 2562 350 2628 muri,
365 2571 559 2635 quassataequc
580 2561 676 2616 multe
696 2572 790 2635 partes
811 2571 899 2618 erant.
914 2565 930 2594 ⁹
942 2561 1007 2624 Una
1028 2561 1117 2618 couti·

154 2640 289 2698 uentibus
316 2641 406 2696 ruinis
436 2639 592 2696 nudaverat
618 2639 740 2695 urbem:
771 2651 831 2694 tres
857 2639 994 2714 deinceps
1005 2651 1115 2704 turrea,

154 2731 349 2794 quantumque
371 2718 443 2774 inter
464 2737 512 2774 eas
533 2717 606 2774 muri
628 2727 696 2785 erat,
718 2735 783 2772 cum
806 2716 915 2791 fragore
930 2717 1038 2791 ingenti
1055 2735 1117 2790 pro·

154 2798 303 2854 ciderunt:
332 2807 502 2872 captumque
515 2796 649 2870 oppidum
670 2795 706 2850 ei
719 2795 802 2851 ruinis
816 2794 995 2852 crediderant
1017 2795 1115 2862 Poeni3

154 2878 219 2949 qui,
234 2876 310 2931 velut
324 2876 346 2930 si
367 2875 471 2948 pariter
493 2885 623 2947 utrosque
649 2892 745 2928 murus
765 2873 891 2938 texisset,
916 2872 955 2928 ita
976 2874 1152 2945 utrimqueao

155 2953 184 3010 in
199 2972 323 3029 pugnam
339 2970 504 3027 procursum
519 2961 570 3007 est.
611 2951 691 3007 Nihil
706 2951 897 3007 tumultuarie
907 2969 1011 3024 pugnae
1025 2950 1117 3006 simile

154 3043 225 3102 erat,
239 3031 336 3105 quales
350 3031 379 3087 in
393 3029 652 3104 oppugnationibus
666 3029 778 3086 urbium
797 3047 847 3103 per
860 3029 1041 3085 occasionem
1055 3044 1118 3102 para

154 3110 191 3166 tis
212 3109 328 3165 alterius
348 3109 459 3168 conseri
488 3107 598 3164 solent:
619 3107 669 3163 sed
701 3107 784 3182 justae
805 3107 892 3172 acies,
914 3107 990 3162 velut
1010 3105 1117 3181 patenti

154 3206 266 3261 campo,
281 3187 353 3242 inter
368 3187 463 3242 ruinas
477 3187 549 3242 muri
564 3197 695 3259 tectaque
710 3185 788 3241 urbis
802 3185 914 3242 modico
927 3184 1061 3240 distantia
1076 3185 1118 3239 iu·

154 3265 272 3323 tertullo
292 3264 493 3320 constiterant..
530 3265 609 3320 llinc
623 3281 697 3338 spes,
722 3264 791 3320 hinc
814 3263 983 3336 desperatio,
1005 3263 1152 3318 animos&

154 3344 263 3410 irritat:
286 3343 374 3399 Poeno
388 3342 497 3416 cepisse
508 3342 567 3417 jam
581 3361 612 3398 se
626 3342 734 3408 urbem,
757 3342 780 3398 si
801 3340 948 3415 paululum
964 3340 1117 3410 annitatur,

8 3497 9 3504 ἵ
107 3459 109 3465 ,
154 3423 307 3488 credente:
337 3420 504 3496 Saguntinis
528 3439 578 3494 pro
602 3420 708 3476 nudati
733 3420 875 3476 maenibus
889 3419 980 3493 patriti
1000 3435 1118 3492 corpora

153 3499 371 3576 opponentibus,
386 3518 441 3556 uec
456 3498 513 3554 ullo
527 3499 628 3573 pedem
644 3497 793 3564 referente,
806 3517 843 3554 ue
858 3497 886 3554 in
902 3497 1032 3552 relictum
1054 3513 1116 3552 ase

154 3579 249 3636 locum
277 3578 386 3634 hostem
406 3576 579 3633 immitteret.
621 3577 731 3650 Itaque,
745 3576 801 3650 quo
827 3575 924 3632 acrius
944 3587 973 3631 et
993 3573 1117 3631 conferti

155 3657 246 3732 magis
261 3656 401 3728 utrimque
415 3655 590 3729 pugnabant,
611 3653 646 3710 ed
660 3655 754 3728 plures
767 3655 1008 3720 tulne‘rabantur3
1040 3651 1118 3708 nullo
1127 3662 1152 3701 tt

157 3734 229 3794 inter
257 3752 335 3794 arma
362 3750 535 3807 corporaque
566 3750 638 3788 vano
659 3731 845 3792 intercidente
866 3731 931 3787 telo.
985 3730 1119 3788 Falarica
