2620 4220
601 331 671 382 'rm
687 330 771 382 Lllfll

186 479 222 536 de
242 478 272 534 in
299 473 451 550 Pupiniam
472 474 599 532 exercitu
621 473 755 546 demisso,
776 481 841 530 octo
865 471 954 528 millia
964 487 1102 545 passuum
1113 468 1151 530 ab

186 553 283 614 Roma
295 553 389 630 posuit
402 562 504 610 castra.
545 550 616 613 Qud
630 552 743 627 propids
757 550 848 608 hostis
858 550 1025 620 accedebat,
1039 550 1074 606 eb
1088 569 1150 606 ma·

182 633 227 710 jor
239 633 334 689 caedes
348 631 434 688 fiebat
455 629 635 706 fugientium,
656 628 885 704 praecedentibus
905 627 1058 684 Numidis:
1087 628 1151 704 plu-

184 729 285 785 resque
299 709 428 767 onmium
443 725 582 786 generum
597 719 681 782 atque
695 707 821 764 aetatium
835 705 1029 780 capiebantur.

224 866 263 924 X.
285 865 321 922 In
336 865 391 922 hoc
405 864 528 921 tumultu
552 863 669 920 Fulvius
683 862 816 932 Flaccus,
837 862 916 936 porta
940 860 1060 936 Capena
1081 881 1183 934 cum,

183 944 312 1002 exercitu
327 944 451 1000 Romam
465 942 619 1016 ingressus,
634 941 730 998 medid
744 940 824 1006 urbe,
838 957 888 1028 per
904 937 1035 1027 Carinas,
1048 939 1151 1013 Esqui-

183 1023 237 1082 lias
250 1020 415 1079 contendit:
436 1020 504 1076 inde
518 1037 658 1095 egressus,
673 1018 746 1078 inter
761 1017 940 1094 Esquilinam
949 1016 1150 1094 Collinamque

184 1112 293 1178 portam
307 1098 402 1174 posuit
422 1107 523 1154 castra.
565 1093 676 1156 AEdiles
690 1095 780 1170 plebis
799 1106 989 1152 commeatum
1012 1093 1047 1150 eo
1070 1114 1151 1152 com.-
1191 1120 1194 1124 ·
1295 1079 1296 1104 l

184 1181 339 1254 portdrunt.
382 1175 523 1234 Consules
537 1186 708 1248 senatusque
723 1174 752 1230 in
770 1183 862 1239 castra
879 1183 1036 1228 venerunt:
1059 1173 1097 1229 ibi
1112 1175 1150 1232 de

182 1259 294 1314 summi
309 1274 339 1311 re
354 1254 470 1330 publica
483 1253 684 1310 consultatum.
712 1251 834 1323 Placuit,
848 1251 980 1308 consules
994 1251 1072 1306 c'irca
1086 1271 1150 1324 por·
1156 1275 1181 1316 ιο

182 1345 226 1392 tas
240 1334 384 1392 Collinam
398 1332 631 1406 Esquilinamque
645 1333 750 1406 ponere
765 1341 858 1386 castra
870 1349 883 1398 35
907 1328 941 1386 C.
958 1328 1149 1403 Calpurnium
1214 1388 1216 1392 ,

182 1425 331 1488 pretorem
346 1411 486 1468 urbanum
510 1409 651 1484 Capitolio
672 1418 763 1482 atque·
780 1407 839 1464 arci
853 1425 993 1482 praeesse3
1023 1418 1052 1463 et
1066 1426 1150 1464 sena·

183 1501 243 1548 turn
258 1491 436 1564 frequentem
450 1487 480 1544 in
491 1487 554 1544 'foro
567 1486 718 1556 contineri,
743 1487 766 1542 si
780 1485 847 1559 quid
872 1485 901 1550 in
916 1495 974 1542 tam
988 1483 1149 1544 subitisre·

183 1568 236 1624 bus
250 1567 381 1624 consulto
394 1585 465 1640 opus
478 1575 562 1622 esset.
603 1563 684 1622 ¹Inter
705 1565 767 1620 haeo
782 1563 928 1620 Hannibal
951 1563 986 1619 ad
1003 1564 1148 1625 Anienem

182 1645 311 1716 flurium,
325 1645 379 1700 tria
392 1643 481 1700 millia
501 1641 635 1718 passuum
650 1643 685 1698 ab
706 1643 793 1708 Urbe,
818 1653 911 1698 castra
929 1641 1072 1699 admovit:
1108 1642 1147 1698 ibi
1159 1659 1183 1698 15

180 1723 290 1780 stativis
313 1721 421 1797 positis,
444 1721 504 1796 ipse
525 1739 591 1777 cum
610 1721 721 1778 duobus
736 1721 860 1777 millibus
881 1720 1008 1796 equiturn
1030 1739 1047 1775 a
1067 1723 1148 1794 porta

183 1801 296 1858 Collina
311 1819 399 1874 usque
421 1800 457 1856 ad
479 1799 614 1856 Herculis
628 1799 764 1874 templum
778 1809 822 1855 est
838 1816 1021 1872 progressus3
1053 1809 1148 1871 atque,

183 1879 259 1936 unde
286 1877 552 1954 proximd'poterat,
573 1878 679 1933 moenia
706 1877 847 1950 situmque
874 1876 952 1932 urbis
980 1871 1150 1949 obequitans

183 1957 438 2030 contemplabatur.
488 1955 522 2012 Id
537 1975 602 2012 eum
613 1966 677 2012 tarn
689 1955 809 2010 licenter
823 1964 907 2030 atque
929 1953 1019 2012 otiose
1041 1955 1147 2022 facere,

182 2034 290 2092 Flacco
305 2035 455 2110 indignum
469 2034 561 2090 visum
575 2044 637 2090 est:
660 2033 753 2107 itaque
768 2032 887 2089 immisit
900 2033 1021 2106 equites,
1031 2033 1149 2089 *subm0·
1157 2058 1184 2099 ω

181 2113 296 2186 verique
317 2123 400 2186 atque
421 2112 451 2172 in
482 2123 575 2173 castra
601 2111 692 2186 redigi
720 2109 842 2167 bostium
871 2111 1028 2184 equitatum
1054 2110 1148 2185 jussit.

180 2189 282 2250 Quum
297 2189 480 2246 commissum
494 2189 625 2264 proelium
646 2199 729 2258 esset,
752 2188 884 2245 consules
904 2189 1065 2264 transfugas
1086 2185 1149 2246 Nu·

181 2267 332 2336 midarurn,
347 2267 395 2340 qui
417 2276 478 2322 tum
499 2267 529 2322 in
551 2267 696 2323 Aventino
718 2267 754 2322 ed
768 2265 845 2322 mille
859 2277 888 2322 et
902 2267 1042 2324 ducentos
1055 2279 1146 2334 erant,

180 2344 276 2400 media
289 2346 359 2400 urbe
374 2343 494 2400 transire
509 2343 652 2416 Esquilias
663 2344 829 2418 jusserunt:
846 2343 945 2400 nullos
958 2345 1089 2416 aptiores
1106 2345 1149 2400 iu·

181 2431 224 2478 ter
245 2421 388 2502 convalles
402 2431 533 2494 tectaque
548 2421 692 2478 hortorum
717 2432 746 2478 et
760 2421 890 2496 sepulcra
904 2433 953 2479 aut
966 2441 1052 2499 caras¹
1064 2423 1183 2488 uadi-25

180 2517 236 2572 que
249 2497 318 2564 vias,
340 2499 376 2554 ad
397 2499 583 2574 pugnandum
605 2498 713 2557 futuros
727 2499 800 2556 rati:
835 2519 904 2573 quos
927 2519 1013 2575 quum
1029 2519 1146 2558 err-arce

180 2575 376 2651 Capitolioque
391 2577 473 2634 Clivo
487 2577 617 2635 Publicio
638 2577 667 2636 in
682 2579 762 2652 equis
776 2578 961 2635 decurrentes
975 2579 1091 2653 quidam
1106 2579 1147 2636 vi-

126 2661 128 2664 '
180 2654 297 2726 dissent,
313 2666 428 2729 captum
444 2655 621 2712 Aventinum
643 2657 904 2714 conclamaverunt.
947 2657 991 2713 Ea
1018 2676 1065 2716 res
1086 2668 1147 2718 tan-

180 2742 242 2790 tum
256 2733 408 2790 tumultum
429 2751 464 2790 ac
478 2733 573 2808 fugam
589 2735 717 2808 prebuit,
735 2745 774 2802 ut,
796 2735 851 2792 nisi
866 2731 961 2795 castra
973 2735 1083 2806 l'unica
1097 2754 1147 2792 ex·

179 2821 224 2868 tra
238 2811 336 2868 urbem
352 2811 481 2882 fuissent,
495 2811 619 2868 effusura
639 2813 732 2886 omnis
752 2832 786 2869 se·
797 2813 1064 2888 pavidamultitudo
1085 2813 1145 2870 fue-
1155 2834 1182 2874 ao

179 2889 233 2946 rit:
254 2899 324 2946 tunc
338 2889 366 2946 in
379 2891 477 2946 domos
491 2898 574 2962 atque
588 2891 618 2946 in
633 2901 709 2946 tecta
730 2891 928 2966 refugiebant:
950 2911 1100 2966 ,vagosque
1112 2891 1145 2948 in

179 2967 233 3024 riis
246 2985 312 3024 suos
326 2985 377 3042 pro
391 2966 518 3023 hostibus
541 2967 683 3042 lapidibus
704 2969 822 3042 telisque
847 2970 1038 3026 incessebant.
1079 2967 1146 3040 Nec

179 3044 328 3119 comprimi
350 3045 488 3102 tumultus
501 3045 660 3120 aperirique
672 3065 749 3103 error
762 3057 881 3122 poterat,
905 3047 1016 3104 refertis
1038 3047 1146 3112 itineri·

179 3122 234 3178 bus
247 3123 400 3197 agrestium
415 3123 499 3179 turbd
519 3122 720 3198 pecorumque,
742 3144 805 3198 quta
817 3126 993 3200 'repentinus
1015 3145 1100 3200 pavor
1113 3126 1144 3182 ia

179 3200 279 3256 urbem
295 3201 480 3274 compulerat»
521 3201 660 3275 Equestre
674 3203 804 3277 proeliurn
817 3195 975 3279 secundum
991 3203 1052 3273 fuit,
1068 3223 1177 3268 sum-35

178 3278 305 3351 motique
320 3278 414 3334 hostes
428 3289 514 3334 sunt:
546 3291 585 3352 et,
599 3280 666 3354 quia
680 3278 776 3336 multis
789 3280 860 3337 locis
878 3281 1086 3356 comprimendi
1101 3293 1145 3338 tu·

179 3355 285 3413 multus
308 3365 398 3421 erant,
420 3355 468 3429 qui
492 3357 598 3414 temere
625 3357 798 3426 oriebantur,
825 3355 942 3434 placuit,
962 3379 1071 3430 omnes,
1094 3360 1143 3433 qui

179 3433 342 3505 dictatores,
356 3433 497 3505 consules,
512 3454 681 3503 censoresve
702 3437 832 3504 fuissent,
854 3456 921 3494 curn
936 3438 1054 3512 imperio
1068 3441 1147 3510 esse,

104 3563 106 3566 .
179 3509 272 3568 donec
296 3512 460 3569 recessisset
484 3532 502 3570 a
522 3514 610 3571 muris
631 3515 732 3572 hostis.
769 3515 808 3572 Et
831 3515 889 3572 diei
909 3517 985 3590 quod
1000 3515 1145 3590 reliquum,

179 3588 243 3656 fuit,
257 3600 286 3646 et
298 3601 382 3678 nocte
393 3591 568 3676 insequenti,
580 3593 660 3650 multi
671 3595 779 3652 temere
789 3593 905 3652 excitati
915 3594 1053 3652 tumultus
1063 3603 1177 3668 sunam

179 3677 398 3744 compressrque.
