2620 4220
461 332 568 382 LIBER
583 333 639 382 XL.
672 345 818 382 cmxxiv.
1075 339 1135 402 275

169 477 189 511 ‘⁶
200 494 256 549 quo
270 484 423 531 accusatus
437 493 510 541 sum,
525 476 561 531 ad
575 474 818 550 cognoscendum,
833 475 901 548 quid
924 487 1064 550 ageretur,
1086 481 1135 537 ha·

169 553 257 609 “bui
299 549 406 609 Utrum
420 565 564 609 momento
575 553 623 610 illo
632 554 706 608 horae
715 563 910 609 accusatorem
925 555 1074 612 audirem?
1096 577 1134 615 an

169 631 395 692 “defensionem
411 631 587 688 meditarer?
629 630 776 687 Attonitus
799 630 948 704 repentino
969 644 1052 722 atque
1074 635 1134 692 ino·

168 709 294 783 “piuato
308 708 431 774 malo‚'
407 727 464 774 vix,
487 708 554 782 quid
574 709 755 784 objiceretur,
777 708 935 784 intelligere
955 711 1053 783 potui;
1085 731 1135 769 ne-

133 805 146 844 ⁵
168 786 268 842 “dum
283 787 351 842 satis
371 785 471 852 sciam,
492 805 548 860 qno
563 787 653 843 modo
675 805 720 842 me
747 797 837 842 tuear.
878 786 960 847 Quid
982 789 1052 845 mihi
1074 792 1135 865 spei

168 868 188 900 “
199 875 284 930 esset,
300 863 355 920 nisi
369 875 478 938 patrem
497 865 624 939 judicem
649 865 803 920 habereml
834 865 909 938 apud
923 885 1008 940 quem
1022 868 1134 926 etiamsi

168 942 317 998 “caritate
339 960 355 997 a
376 941 460 998 fratre
481 944 587 1018 majore
607 943 715 1031 vincor,
747 943 940 999 misericordis
972 945 1048 1000 certe
1070 965 1135 1003 reus

167 1020 275 1076 “vinci
296 1037 353 1076 non
375 1019 474 1077 debeo.
519 1021 581 1096 Ego
601 1021 689 1086 enim,
711 1031 743 1076 ut
757 1039 802 1076 me
823 1021 893 1077 mihi
908 1021 1014 1096 tibique
1029 1041 1134 1096 serves,

167 1102 187 1134 ‘⁶
198 1117 317 1172 precor:
340 1097 396 1168 ille,
422 1110 452 1154 ut
466 1118 511 1156 me
525 1099 554 1155 in
570 1099 752 1155 securitatem
767 1117 847 1154 suam
860 1099 987 1166 occidas,
1003 1102 1134 1174 postulat.

133 1194 157 1232 ro
167 1180 186 1212 “
197 1175 279 1236 Quid
304 1194 380 1243 eum,
402 1195 489 1250 quum
512 1196 632 1252 regnum
654 1177 682 1232 ei
703 1176 862 1248 tradideris,
878 1177 1018 1234 facturum
1040 1180 1135 1236 credis

166 1253 227 1309 “in
249 1271 294 1310 me
315 1259 388 1320 esse,
411 1255 459 1328 qui
487 1255 548 1330 jam
568 1273 647 1311 nunc
668 1255 809 1328 sanguine
830 1273 895 1312 meo
915 1256 969 1312 sibi
991 1256 1135 1332 indulgeri

166 1337 186 1368 “
198 1351 311 1406 aequum
324 1333 470 1388 censetl''
544 1361 546 1366 ·

206 1488 290 1544 XVI.
326 1487 443 1546 Dicenti
458 1491 520 1546 haec
534 1489 666 1564 lacrymae
688 1489 771 1546 simul
794 1489 923 1565 spiritum
938 1501 967 1547 et
980 1509 1079 1548 rocem
1094 1492 1135 1549 in·

166 1565 366 1623 tercluserunt.
407 1567 563 1642 Philippus,
587 1568 725 1626 submotis
749 1569 793 1639 iis,
814 1569 956 1643 paulisper
977 1570 1134 1627 collocutus

132 1667 157 1706 15
166 1663 233 1700 cum
248 1644 357 1710 amicis
373 1647 577 1718 pronuntiavit,
600 1647 696 1703 “Non
712 1647 804 1702 verbis
825 1666 866 1718 se,
887 1666 942 1702 nec
957 1647 1042 1704 unius
1058 1649 1134 1706 horre

166 1727 186 1758 “
198 1721 414 1811 disceptatione,
429 1743 545 1781 causam
560 1743 658 1781 eorum
673 1693 905 1800 dijudicaturrim,
925 1726 998 1782 sed
992 1727 1135 1817 inquiren-

166 1805 186 1836 “
197 1801 254 1856 do
249 1820 277 1856 ιιι
293 1801 437 1874 utriusque
453 1802 548 1873 vitam,
564 1821 664 1869 morea,
680 1815 709 1859 et
722 1803 800 1858 dicta
813 1803 977 1877 laetaque'
969 1824 998 1860 ιιι
1022 1807 1135 1882 magnis

166 1878 345 1952 “parvisque
360 1880 445 1936 rebus
459 1848 680 1936 obseriandost'
703 1892 732 1936 ut
745 1882 879 1936 omnibus
894 1894 1050 1955 appareret,
1066 1902 1135 1940 noc-

165 1955 201 2012 tis
215 1957 349 2030 proximae
365 1957 473 2014 crimen
489 1959 571 2014 facile
587 1959 743 2024 revictum3
758 1971 919 2032 suspectam
935 1960 1052 2016 nimiam
1067 1981 1133 2016 cum

130 2034 307 2122 wRomanis
323 2035 461 2092 Demetrii
475 2038 609 2113 gratiam
610 2056 681 2092 esse.
724 2037 806 2102 Hac,
826 2037 889 2092 vivo
904 2037 1043 2112 Phiiippo,
1058 2040 1135 2096 velut

166 2113 276 2168 semina
288 2113 365 2187 jacta
379 2120 446 2170 sunt
446 2102 644 2170 Macedonici
659 2113 735 2180 belli,
750 2115 825 2188 quod
845 2115 972 2172 maxime
987 2136 1054 2172 cum
1069 2117 1135 2174 Per·

166 2209 215 2247 seo
229 2191 386 2266 gerendum
401 2204 470 2248 erat.
514 2233 639 2250 .....

130 2389 157 2426 7
205 2347 319 2404 XXIV.
342 2347 520 2405 Demetrium
536 2349 637 2406 iterum
653 2351 691 2407 ad
703 2361 812 2426 patrem
834 2351 981 2408 accusavit
1004 2353 1134 2411 Perseus.

130 2413 151 2497 'd
166 2466 292 2482 .....
335 2426 415 2482 Nihil
430 2439 524 2483 tamen
550 2429 642 2502 palam
665 2430 782 2504 gravius
806 2431 1019 2504 pronuntiatum
1043 2432 1078 2488 de
1100 2452 1135 2489 eo

136 2536 150 2561 ο
144 2515 218 2570 'est‚
232 2513 263 2560 ut
271 2505 338 2560 dolo
350 2517 442 2579 potrus
454 2505 669 2564 interficeretur
709 2548 715 2562 .
740 2549 746 2562 .
768 2548 775 2562 .
800 2539 835 2562 ,ι
863 2509 911 2564 Ab
925 2509 1134 2566 Thessalonice

137 2577 150 2620 ⁴‘
166 2582 401 2639 Demetriadem
395 2583 447 2658 ipsi
461 2604 548 2658 quum
564 2586 616 2641 iter
629 2596 713 2650 esset,
730 2586 872 2642 Astraeum
893 2587 1015 2644 Paeoniae
1032 2589 1135 2646 Deme-

130 2662 250 2737 g'trium
267 2661 352 2718 mittit
366 2681 433 2718 cum
447 2664 548 2719 eodem
563 2665 667 2721 comite
676 2664 765 2729 Didii,
778 2664 914 2720 Perseum
928 2667 1133 2740 Amphipolim,

131 2711 202 2820 {ad
216 2740 330 2796 obsides
344 2739 493 2796 Thracum
509 2743 700 2816 accipiendos.
744 2741 924 2816 Digredienti
947 2743 983 2798 ab
1005 2764 1035 2800 se
1051 2744 1134 2801 Didae

132 2839 157 2902 2'.
136 2793 299 2874 ”mandata
316 2819 428 2875 dedisse
442 2819 547 2876 dicitur
569 2821 604 2876 de
621 2819 677 2876 tilio
690 2821 859 2878 occidendo.
902 2822 1083 2878 Sacrificium
1099 2824 1135 2879 ab

131 2920 156 2960 ω
132 2886 241 2952 Didi
256 2916 305 2952 seu
321 2897 492 2967 institutum,
506 2917 557 2954 seu
572 2899 736 2956 simulatum
751 2911 812 2967 est3
844 2900 880 2955 ad
899 2901 973 2974 quod
989 2900 1136 2958 celebran-

165 2969 256 3030 duni'
250 2975 384 3032 invitatus
399 2975 563 3040 Demetrius
584 2978 620 3033 ab
643 2980 755 3035 Astraeo
781 2978 953 3034 Heracleam
969 2979 1055 3035 venit.
1100 2980 1134 3036 ln

97 3089 102 3098 -
165 3071 200 3108 ea
215 3056 297 3108 coena
312 3055 417 3110 dicitur
431 3073 573 3111 venenum
598 3041 705 3112 datuin.
748 3055 855 3114 Poculo
874 3069 967 3146 epoto,
992 3058 1135 3148 extemplo

165 3131 273 3188 sensit:
295 3143 324 3188 et
338 3151 403 3189 mox
417 3133 521 3190 coortis
535 3135 688 3204 doloribus,
714 3136 812 3192 relicto
836 3135 976 3202 convivio,
1000 3155 1087 3210 quum
1104 3137 1133 3194 in

165 3210 332 3266 cubiculum
347 3212 501 3285 recepisset
515 3233 588 3282 sese,
612 3215 810 3270 crudelitatem
835 3215 922 3288 patris
944 3233 1133 3289 conquerens,

130 3289 349 3363 ,reparrrcrdrum
364 3289 465 3359 fratris
488 3309 522 3347 ac
548 3259 631 3348 Didas
655 3293 779 3349 scelus
773 3311 917 3362 incusans,
942 3295 1133 3368 torquebatur.

166 3366 325 3424 Intrornissi
350 3368 455 3424 deiude
476 3369 598 3443 Tthsis
612 3371 725 3445 quidam
752 3371 916 3428 Stuberaeus
940 3382 968 3428 et
990 3371 1134 3430 Beroeaeus

165 3431 332 3502 Alexander
335 3459 471 3522 mJectrs
485 3449 656 3524 tapetibus
649 3469 678 3505 ιιι
703 3461 789 3524 caput
814 3449 978 3525 faucesque,
1003 3452 1133 3526 spiritum

166 3493 396 3582 intercluserimt
430 3525 512 3582 lta
506 3528 641 3584 innoxius
663 3529 839 3595 adolescens,
865 3549 973 3620 quum
982 3529 1010 3586 in
1039 3549 1074 3586 co
1097 3549 1134 3586 ne

166 3603 288 3677 simplici
311 3605 426 3678 quidem
453 3624 559 3692 genere
584 3607 682 3663 mortis
708 3609 834 3664 contenti
863 3607 974 3664 inimici
1003 3607 1133 3675 luissent,

132 3681 343 3746 minterlicitur.

534 3827 769 3838 ,ιι-...-
