2620 4220
73 345 83 352 “
168 361 228 422 242
563 357 633 410 sm
649 341 733 410 mvn

169 511 244 560 sunt.
285 499 321 558 ln
334 499 455 559 consilio
467 515 637 576 quamquam
650 503 727 578 justa
740 503 782 558 ira
801 521 902 559 omnes
921 502 958 561 ad
978 501 1135 564 delendam

168 579 331 636 stimulabat
344 579 567 654 Carthaginem
590 591 695 651 tamen,
709 599 806 654 quum,
820 592 849 637 et
863 589 969 655 quanta
987 601 1033 639 res
1046 595 1137 651 esset,

167 667 196 712 et
209 655 295 730 qudm
308 657 387 732 longi
400 658 535 732 temporis
555 657 667 714 obsidio
687 671 744 714 tam
769 659 886 714 munita
907 670 937 715 et
959 670 1017 716 tam
1032 661 1137 718 validae

167 734 256 801 urbis,
270 745 444 810 reputarent,
458 745 487 791 et
501 735 592 810 ipsum
608 735 771 810 Scipionem
793 737 967 810 exspectatio
986 756 1140 795 successui

166 811 215 883 ris,
230 814 341 870 venturi
356 814 391 870 ad
405 823 532 888 paramur
545 813 661 869 alterius
678 813 775 870 labore
788 814 965 888 acpericulo
977 815 1051 872 liniti
1066 815 1135 872 belli
1155 830 1168 870 a

166 888 280 961 famam,
295 891 469 962 sollicitaret,
483 891 519 946 ad
533 909 634 965 pacem
647 891 776 947 omnium
788 891 963 948 animiversi
976 903 1052 949 sunt.

205 1045 367 1103 XXXVII.
403 1046 520 1104 Postero
533 1047 590 1113 die,
612 1047 882 1122 revocatislegatis,
903 1056 933 1103 et
954 1067 1020 1118 curn
1042 1049 1136 1106 multia

165 1125 351 1200 castigatione
365 1124 491 1200 perfidiae
505 1125 629 1191 monitis,
645 1137 687 1194 ut,
700 1135 742 1181 tot
754 1125 885 1181 cladibus
896 1125 999 1194 edocti,
1015 1127 1135 1183 tandem

165 1200 243 1258 Deos
256 1213 284 1258 et
296 1202 495 1278 jusjurandum
508 1221 572 1259 esse
586 1203 755 1271 crederent;
786 1203 966 1258 conditiones
979 1203 1058 1277 pacis
1064 1204 1135 1271 -dic-

164 1289 220 1334 tae:
250 1279 317 1336 “Ut
332 1281 413 1336 liberi
428 1280 540 1355 legibus
554 1280 613 1336 suis
633 1280 780 1336 viverent:
801 1299 871 1354 quas
887 1281 980 1346 urbes,
1003 1285 1170 1355 quosquam

166 1361 186 1394 “
195 1375 288 1432 agros,
302 1358 461 1432 quibusque
475 1358 580 1414 finibus
594 1369 660 1415 ante
672 1357 777 1416 bellum
801 1359 969 1428 tenuissent,
990 1369 1133 1430 tenerent,

166 1435 403 1510 “populandique
424 1435 512 1494 finem
531 1455 567 1492 eu
586 1437 634 1493 die
655 1435 806 1492 Romanus
827 1435 941 1492 faceret.
984 1435 1133 1512 Persugas,

166 1520 184 1547 ‘⁴
194 1512 391 1587 fugitivosque,
419 1523 448 1570 et
474 1513 601 1588 captivos
620 1532 730 1584 omnes,
758 1513 911 1570 redderent
931 1514 1081 1584 Romanis,
1102 1525 1135 1571 et

166 1597 281 1646 “naves
301 1601 444 1662 rostratas,
473 1602 573 1666 praeter
601 1591 703 1648 decem
731 1591 868 1660 triremes,
897 1591 1051 1658 traderent,
1074 1592 1135 1648 ele-

166 1675 184 1702 “
193 1668 379 1742 phantosque,
393 1687 463 1742 quos
477 1669 615 1726 haberent
625 1669 746 1726 domitos
757 1688 766 1737 3
787 1688 881 1742 neque
892 1669 1040 1726 domarent
1051 1670 1132 1728 alios.
1144 1686 1170 1725 1⁵

165 1745 304 1802 “Bellum
320 1765 392 1802 neve
407 1748 436 1802 in
451 1747 561 1814 Africa,
587 1765 659 1804 neve
672 1757 752 1804 extra
766 1747 905 1817 Africam,
919 1747 1029 1822 injussu
1043 1767 1134 1822 popu·

165 1823 213 1879 “li
229 1823 355 1881 Romani
369 1835 510 1900 gererent.
553 1825 713 1882 Masinissa
732 1844 777 1882 rea
798 1825 958 1894 redderent,
983 1825 1134 1899 foedusque

166 1909 262 1958 “cum
289 1921 324 1960 eo
351 1903 487 1960 facerent.
542 1903 731 1960 Frumentum
758 1903 987 1976 stipendiumque
1008 1903 1134 1976 auxiliis,

166 1987 185 2014 “
194 1979 288 2036 donec
302 1981 338 2038 ab
351 1981 449 2038 Roma
462 1981 548 2056 legati
562 1981 711 2050 redissent,
733 1991 907 2055 prestarent
947 1981 1057 2036 Decem
1072 1981 1136 2038 mil·

166 2057 233 2114 “lia
255 2059 393 2116 taleutrim
416 2059 537 2133 argenti,
559 2059 702 2133 descripta
721 2059 906 2132 pensionibus
927 2057 1015 2132 aequis
1039 2058 1068 2114 in
1083 2073 1171 2115 an-ao

166 2143 248 2193 “nos
273 2137 499 2212 quinquaginta„
516 2137 666 2193 solverent.
707 2136 832 2192 Obsides
859 2148 974 2194 centum
997 2136 1135 2194 arbitratu

167 2214 340 2288 “Scipionis
363 2215 481 2283 darent3
515 2233 551 2272 ne
578 2215 703 2272 minores
723 2215 936 2288 quatuordecim
962 2214 1053 2283 annis,
1076 2233 1134 2272 neu

165 2292 310 2364 “triginta
324 2293 454 2367 rnajores.
495 2292 632 2349 Inducias
646 2293 685 2349 ita
698 2311 729 2350 se
743 2293 885 2358 daturum,
907 2292 1002 2366 siper
1026 2293 1135 2366 priores

167 2369 328 2424 “inducias
342 2387 428 2426 naves
441 2371 577 2426 oneraria
598 2382 698 2445 capte,
723 2389 841 2444 quaeque
866 2369 987 2426 fuissent
1011 2369 1040 2426 in
1054 2371 1135 2426 navi-

167 2446 259 2517 “bus‚
273 2447 497 2504 restituerentur.
539 2447 631 2505 Aliter
646 2468 700 2505 nec
715 2449 856 2520 inducias,
877 2467 932 2504 nec
954 2466 1032 2522 spem
1053 2448 1171 2522 paciens

166 2525 282 2580 “ullam
311 2525 404 2581 esse.’'
447 2525 509 2582 Has
535 2527 715 2584 conditiones
735 2526 821 2604 legati
842 2536 929 2600 quum
951 2527 1068 2584 domurn
1089 2545 1135 2582 re·

166 2601 239 2660 serre
250 2603 322 2678 jussi
344 2603 374 2660 in
395 2604 536 2661 concione
557 2605 686 2676 ederent,
707 2616 736 2661 et
755 2603 845 2680 Gisgo
860 2605 895 2660 ad
909 2603 1134 2660 dissuadendam

165 2700 266 2756 pacem
282 2683 476 2756 processisset,
489 2683 690 2756 audireturque
704 2702 720 2739 a
741 2681 932 2748 multitudine,
947 2682 1075 2759 inquieta
1085 2684 1135 2738 ea·

143 2815 145 2819 .
165 2760 277 2816 demet
297 2760 421 2830 imbelli,
455 2762 620 2838 indignatus
645 2760 802 2826 Hannibal,
827 2760 885 2816 dici
907 2779 942 2816 ea
955 2759 985 2815 in
1000 2759 1047 2815 tali
1062 2769 1134 2816 tem-

165 2838 406 2914 poreaudirique‚
422 2850 563 2913 arreptum
586 2840 747 2914 Gisgonem
761 2857 847 2904 manu
863 2841 913 2894 sua
937 2857 972 2894 ex
987 2838 1169 2912 superiorem
1200 2861 1204 2864 ·
1296 2895 1297 2908 ,

165 2915 229 2974 loco
252 2917 382 2974 detraxit.
423 2916 500 2976 Quae
526 2917 637 2973 insueta
658 2917 754 2973 liberae
780 2916 886 2973 civitati
913 2915 1024 2990 species
1044 2935 1133 2988 quum

166 2994 309 3051 fremitum
334 2995 429 3070 populi
454 2995 597 3064 movisset,
617 2995 800 3068 perturbatus.
818 2994 946 3050 militaris
960 2994 1002 3049 vir
1022 2994 1133 3050 urbana

165 3071 306 3138 libertate,
332 3073 501 3150 ‘fNovemss’
530 3074 631 3147 inquit,
653 3083 819 3130 “annorum
842 3091 858 3130 a
879 3068 957 3129 vobis
978 3071 1132 3146 profectus,

167 3159 259 3224 “post
279 3162 389 3208 sextum
404 3163 433 3208 et
454 3152 628 3212 tricesimum
644 3170 751 3208 annum
765 3151 847 3208 redii.
892 3150 1033 3208 Militares
1047 3162 1132 3221 artes,

167 3236 266 3302 “quas
293 3247 340 3283 me
370 3249 388 3285 a
415 3249 502 3303 puero
523 3230 636 3287 fortuna
662 3249 741 3286 nunc
772 3229 889 3303 privata,
919 3247 996 3284 nunc
1017 3227 1169 3302 publicans

168 3315 187 3342 “
197 3306 304 3372 docuit,
320 3307 406 3380 probe
414 3309 515 3366 ,videor
530 3309 623 3365 scire:
652 3307 730 3364 urbis
743 3326 778 3364 ac
800 3307 851 3364 lori
869 3307 942 3382 juga,
964 3306 1052 3380 leges,
1075 3325 1134 3364 mo·

169 3393 253 3450 “res,
269 3403 316 3440 vos
330 3403 375 3440 me
389 3396 499 3460 oportet
522 3387 675 3444 doceatis.”
718 3385 864 3442 Excusatd
878 3384 1079 3459 imprudentia,
1095 3385 1133 3442 de

167 3479 239 3538 pace
253 3463 349 3520 multis
363 3461 455 3520 verbis
468 3463 609 3538 disseruit,
631 3464 715 3538 quim
730 3481 785 3520 nec
800 3463 906 3538 iniqua,
921 3473 950 3520 et
970 3464 1135 3520 necessaria

168 3550 253 3598 esset.
294 3541 327 3598 Id
342 3542 469 3598 omniurn
485 3541 607 3603 maxime
631 3541 838 3610 difficile'erat,
859 3539 933 3614 qudd
955 3559 991 3596 ex
1012 3540 1134 3598 navibus

167 3636 219 3695 per
240 3619 371 3676 inducias
392 3622 481 3695 captis
503 3621 584 3692 nihil,
607 3631 706 3694 praeter
728 3619 803 3692 ipsas
826 3619 1009 3692 comparebat
1022 3633 1109 3674 naves
1124 3633 1170 3689 μα

169 3713 262 3770 neque
277 3699 420 3772 inquisitio
433 3710 493 3755 erat
508 3699 607 3764 facitis,
633 3696 850 3754 adversantibus
870 3697 944 3771 paci,
969 3696 1016 3770 qui
1031 3715 1135 3772 argue-

169 3785 268 3832 rentur
318 3777 427 3836 Placuit
448 3797 534 3833 naves
555 3775 644 3846 reddi,
675 3783 704 3830 et
734 3773 866 3838 homines
886 3774 983 3848 utique
1004 3775 1134 3848 inquiri:
