2630 4228
531 363 637 416 LlBER
652 364 682 412 V.
710 378 823 414 cinxi..
1099 368 1153 428 121

195 522 252 580 qno
265 515 446 576 accesserant
461 503 496 562 ed
508 502 606 560 urbem
622 502 783 577 (mansuros
796 503 872 560 enim
885 501 921 560 ad
936 503 1046 570 Alliam
1056 503 1153 574 luisse,

195 582 250 640 nisi
265 583 320 640 hoc
334 583 446 640 consilii
458 581 541 658 soret)
555 601 563 648 ;
584 582 688 638 deinde
699 582 752 638 sub
762 599 895 638 oceasum
909 581 985 646 solis,
998 582 1065 654 quia
1078 583 1154 640 haud

187 659 318 716 'multum
332 660 391 716 diei
404 669 560 733 supererat,
574 669 640 718 ante
662 669 775 717 noctem
790 658 841 714 rati
855 677 886 714 se
900 658 1062 727 invasuros3
1093 670 1154 716 tum

196 737 226 793 in
241 748 352 794 noctem
368 736 485 793 dilatum
499 735 648 792 consilium
662 753 735 806 esse,
746 733 800 808 qud
813 734 876 808 plus
887 735 994 808 pavoris
1008 736 1153 794 inferrent.

174 813 342 872 ePostremti
351 814 403 878 ,lux
415 813 645 889 appropinquans
658 813 839 870 exanimare:
860 812 1008 886 timorique
1019 825 1155 888 perpetuo

196 891 288 964 'rpsurn
303 892 407 948 malum
422 891 573 948 continens
587 889 648 958 suit,
662 909 750 964 quum
770 889 854 964 signa
873 889 977 954 infesta
989 890 1075 964 portis
1088 904 1154 950 sunt

196 967 281 1026 illata.
322 969 510 1042 Nequiquam
524 979 620 1024 tamen
633 967 669 1022 eri
692 977 785 1035 nocte,
810 985 903 1040 neque
924 966 1082 1041 insequenti
1096 968 1153 1035 die,
1216 1017 1220 1032 ,

196 1045 296 1102 similis
310 1046 360 1114 illi,
374 1064 436 1120 quae
451 1045 486 1100 ad
500 1045 607 1101 Alliam
627 1055 685 1100 tam
706 1044 805 1118 paride
828 1043 947 1120 fugerat,
969 1045 1068 1102 civitas
1092 1044 1153 1102 suit.

118 1179 121 1186 ,
197 1121 273 1181 Nam
287 1141 373 1196 quum
395 1122 510 1180 defendi
533 1121 631 1178 urbem
646 1139 737 1196 posse,
758 1132 816 1178 tam
837 1121 922 1196 parui
946 1121 1044 1180 relicta
1057 1141 1154 1194 manu,

164 1218 261 1274 nospes
275 1201 352 1256 nulla
365 1211 449 1266 esset,
461 1199 576 1272 placuit,
590 1217 657 1254 curn
680 1198 851 1273 cpnjugibus
871 1217 906 1254 ac
928 1198 1034 1264 liberis,
1055 1199 1156 1274 juren-

173 1325 180 1340 .
198 1289 287 1334 tutem
302 1277 449 1334 militarem
471 1275 644 1349 senatusque
662 1276 747 1332 robur
761 1275 791 1332 in
811 1294 907 1332 arcem
928 1275 1155 1350 Capitoliumque

197 1355 375 1423 concedere;
407 1354 547 1428 armisque
559 1365 589 1410 et
602 1353 743 1412 frumento
753 1352 875 1419 sollertis,
890 1371 926 1410 ex
938 1352 1001 1410 loco
1014 1354 1080 1410 inde
1094 1373 1155 1412 rnu-

197 1431 257 1490 nito
278 1431 354 1488 Deos
385 1431 569 1504 hominesque
597 1442 626 1486 et
654 1429 819 1486 Romanum
847 1447 953 1488 nomen
981 1429 1154 1487 defendere:

197 1508 358 1566 Flaminern
371 1509 587 1582 sacerdotesque
608 1506 739 1564 Vestales
761 1525 843 1564 sacra
857 1506 972 1582 publiea
984 1526 1001 1562 a
1013 1508 1103 1574 crede,
1119 1507 1155 1563 ab

164 1586 339 1644 uincendiis
352 1585 449 1660 procul
473 1586 603 1653 auserre;
637 1603 693 1644 nec
716 1585 781 1642 ante
805 1584 898 1654 deseri
919 1584 1026 1640 cultum
1047 1603 1155 1652 eorum,

196 1664 281 1737 quarn
296 1683 353 1720 non
367 1673 555 1737 superessent,
569 1662 617 1735 qui
630 1661 765 1720 colerent·
808 1661 841 1718 Si
854 1680 904 1718 arx
917 1661 1154 1736 Capitoliumque,

198 1741 281 1796 sedes
295 1740 433 1806 Deorum,
447 1740 471 1796 si
485 1749 610 1814 senatus,
625 1749 712 1813 ceput
723 1738 831 1813 publici
842 1737 965 1804 consilii,
989 1739 1012 1795 si
1027 1739 1156 1796 militaris

193 1817 327 1891 juventus
340 1816 519 1890 superfuerit·
532 1815 691 1872 imminenti
712 1816 801 1872 ruinae
825 1815 913 1882 urbis,
938 1813 1050 1872 facilem
1065 1816 1156 1891 jactu·

197 1913 333 1953 ramesse
353 1894 506 1960 seniorum,
521 1893 626 1950 relictae
650 1893 680 1949 in
701 1893 773 1950 urbe
793 1893 889 1966 utique
903 1891 1033 1966 periture
1045 1894 1155 1950 turbe:

162 1983 235 2042 met,
249 1970 304 2045 qud
325 1971 354 2030 id
369 1971 494 2045 equiore
508 1971 603 2029 animo
622 1970 659 2030 de
680 1970 762 2044 plebe
783 1969 934 2026 multitudo
955 1969 1049 2040 ferret,
1071 1989 1156 2026 senes

197 2048 381 2123 triumphales
403 2048 621 2122 consularesque
641 2047 725 2104 simul
746 2066 776 2104 se
791 2066 857 2104 enm
872 2047 926 2104 illis
946 2047 1039 2122 palare
1060 2047 1156 2104 dicere

196 2126 343 2193 obituros3
370 2144 425 2182 nec
449 2126 493 2184 his
514 2125 688 2200 corporibus,
708 2125 811 2199 quibus
824 2143 882 2182 non
903 2141 981 2182 arma
1001 2124 1084 2196 ferre,
1097 2143 1156 2182 non

197 2204 271 2260 tueri
285 2203 404 2278 patriam
419 2213 542 2278 possent,
556 2214 722 2262 oneraturos
734 2202 859 2278 inopiam
873 2213 1054 2260 armatorum.

237 2358 302 2418 XL.
336 2359 408 2416 Heo
422 2359 493 2418 inter
508 2360 634 2418 seniores
647 2359 729 2420 morti
750 2359 905 2420 destinatos
921 2358 1028 2436 jactata
1047 2358 1155 2418 solatia.

162 2436 295 2498 averse
310 2437 380 2496 inde
390 2439 599 2498 adhortationes
619 2438 655 2496 ad
677 2457 780 2514 agmen
800 2438 948 2514 juvenum,
969 2457 1038 2513 quos
1057 2437 1087 2495 in
1102 2437 1157 2494 Ca·

197 2514 324 2588 pitolium
340 2526 423 2589 atque
436 2516 465 2572 in
480 2535 575 2572 arcem
588 2516 838 2590 prosequebantur,
857 2516 1091 2576 commendantes
1104 2516 1157 2572 rir-

198 2592 250 2648 tuti
268 2611 366 2650 eornm
385 2594 564 2668 jurentaeque
585 2593 663 2652 urbis
676 2612 726 2668 per
746 2604 889 2652 trecentos
902 2593 1049 2668 sexaginta
1063 2611 1156 2650 annos

197 2670 329 2726 omnibus
343 2671 423 2727 bellis
438 2671 570 2738 victricis,
585 2690 770 2745 quecumque
784 2671 892 2744 reliqua
905 2681 990 2736 esset,
1003 2669 1154 2728 fortunam.
1251 2679 1256 2696 ·

198 2745 512 2822 Digredientibus,1qui
537 2767 615 2823 spem
629 2767 744 2806 omnem
765 2758 848 2822 atque
868 2766 951 2822 opem
972 2765 1070 2804 secum
1085 2747 1156 2804 sere·

161 2845 188 2885 an
197 2823 274 2890 bant,
289 2825 325 2882 ab
339 2825 383 2896 iis,
397 2827 445 2899 qui
459 2835 549 2900 capte
564 2827 641 2884 urbis
654 2845 712 2884 non
725 2844 873 2901 superesse
888 2824 1155 2893 statuerantexiti03
1213 2891 1217 2898 ῃ

195 2920 282 2974 quum
306 2903 366 2976 ipsa
388 2922 434 2960 res
454 2903 619 2978 speciesque
643 2904 811 2960 miserabilis
834 2912 904 2970 erat,
929 2914 989 2959 tum
1010 2901 1156 2958 muliebris

195 2977 278 3037 fletus
292 2990 320 3036 et
333 2982 513 3039 concursatio
522 2980 640 3048 ineerta,
655 3000 733 3038 nunc
744 2983 795 3038 hos
806 2999 884 3038 nunc
893 2980 955 3038 illos
965 2979 1154 3054 sequentium,

195 3057 432 3131 rogitantiumque
446 3058 519 3116 viros
532 3059 733 3134 natosque,cui
747 3077 778 3115 se
792 3059 849 3116 sato
860 3059 970 3124 darent,
985 3056 1066 3123 nihil,
1080 3057 1156 3132 quod

195 3133 327 3193 humanis
350 3147 510 3209 superesset
531 3136 620 3206 melis,
648 3137 874 3211 relinquebant„
895 3135 1005 3211 Magna
1027 3154 1091 3210 pars
1114 3145 1156 3192 ta·

159 3229 260 3273 remen
275 3230 372 3268 earum
387 3213 417 3268 in
440 3231 616 3272 arcemanus
636 3224 793 3288 prosecute
814 3223 889 3284 sunt,
911 3232 966 3270 nec
986 3213 1155 3289 prohibente

194 3288 259 3356 ullo,
274 3302 330 3345 nec
354 3301 473 3348 secante
484 3311 499 3359 ;·
522 3291 596 3365 quie,
610 3293 685 3365 quod
699 3291 767 3348 utile
780 3291 902 3350 obsessis
913 3292 949 3349 ad
969 3292 1154 3350 minuendam

194 3365 337 3424 imbellem
362 3367 582 3435 multitudinem,
606 3369 636 3427 id
658 3389 757 3444 parum
785 3365 942 3428 humanum
966 3380 1034 3428 erat.
1075 3369 1153 3438 Alia,

193 3444 316 3500 maxime
330 3441 430 3519 plebis,
453 3446 543 3515 turba,
557 3465 642 3520 quam
656 3466 711 3504 nec
732 3465 834 3522 capere
852 3461 909 3506 tarn
930 3448 1050 3522 exiguus
1064 3447 1153 3518 collis,

193 3539 249 3578 nec
262 3522 338 3580 alere
353 3523 381 3580 in
396 3523 477 3580 tanti
498 3524 591 3598 inopia
613 3524 745 3588 frumenti
766 3537 884 3600 poterat,
908 3545 944 3582 err
963 3525 1033 3583 urbe
1053 3526 1153 3591 effusa,

158 3599 269 3661 ovelut
282 3601 396 3675 agmine
407 3601 467 3675 jam
481 3620 546 3671 uno,
561 3603 642 3676 petiit
654 3602 835 3660 Janiculnm:
857 3604 924 3660 inde
938 3621 1002 3677 pars
1013 3622 1062 3677 per
1071 3621 1154 3677 agros

192 3676 303 3751 dilapsi,
318 3697 382 3751 pars
396 3679 480 3754 urbes
493 3690 592 3753 petunt
614 3679 757 3748 finitimas,
782 3682 844 3738 sine
867 3681 923 3738 ullo
937 3681 1010 3737 duce
1024 3690 1074 3736 aut
1087 3697 1155 3736 con·

191 3772 287 3825 sensu,
302 3775 382 3812 suam
396 3757 514 3830 quisque
528 3776 617 3890 qum,
636 3777 689 3823 sua
701 3758 830 3830 consilia,
844 3758 1044 3816 communibus
1057 3756 1154 3831 deplo-
