2630 4228
506 311 611 398 Israeli
629 347 675 398 IX.
695 361 831 396 caesara.
1065 307 1068 314 -
1094 352 1152 413 153

193 491 295 550 Romae
315 489 401 546 etiarn
422 507 474 544 sua
494 488 607 544 infernis
627 488 724 544 clades
747 499 814 546 erat.
868 489 1009 546 Obsessos
1027 487 1151 564 primaint

193 569 364 626 audierunt:
386 567 489 622 tristior
502 566 606 622 deinde
631 566 826 640 ignominiosae
841 567 918 639 pacis
941 569 1042 642 magis,
1064 565 1151 641 quam

193 645 320 720 periculi,
336 644 453 702 nuntius
467 643 527 698 fuit.
570 643 616 698 Ad
631 643 734 698 sarnam
749 642 904 700 obsidionis
924 645 1051 702 delectus
1066 645 1152 700 habe·

193 723 216 780 ri
231 735 342 796 coeptus
355 733 433 776 erat:
455 720 588 774 dimissus
601 719 705 774 deinde
719 720 889 776 auxiliorum
904 735 1061 795 apparatus,
1078 733 1152 795 post·

171 819 276 873 squam
289 797 462 854 deditionem
486 808 543 853 tam
568 795 640 851 soedi·
661 795 763 852 sactarn
779 810 967 870 acceperunt:
1001 798 1153 872 extemplo-

194 897 249 951 que
263 877 324 932 sine
340 875 398 949 ulli¹
410 873 524 947 publica
543 873 709 928 auctoritate
733 891 903 930 consensum
921 875 949 930 io
969 894 1083 932 omnem
1098 875 1153 932 for-

194 973 268 1010 mum
284 953 375 1008 luctbs
395 963 446 1007 est.
490 950 633 1006 Tabernae
655 951 733 1006 circa
754 949 845 1006 sorum
866 943 981 1024 clausae,
999 953 1153 1028 justitium·

194 1050 248 1106 que
263 1031 291 1086 in
307 1030 366 1086 foro
380 1029 429 1084 sui
444 1039 543 1102 sponte
567 1038 692 1102 coeptum
707 1025 895 1102 priusquam
911 1029 1068 1088 indictum:
1103 1029 1152 1085 lati

194 1109 277 1179 clari,
291 1107 388 1164 annuli
410 1107 487 1162 aurei
508 1105 590 1180 positi
603 1123 609 1172 ;
636 1124 717 1178 paene
732 1105 858 1162 utoestior
871 1107 998 1164 exercitu
1012 1110 1074 1184 ipso
1086 1105 1154 1162 ciri·

162 1198 239 1248 rotas
251 1205 332 1241 esse:
353 1202 408 1240 nec
422 1183 544 1240 ducibus
557 1181 646 1239 solum
669 1194 751 1256 atque
775 1184 938 1240 auctoribus
962 1186 1155 1260 sponsoribus·

195 1283 249 1336 que
263 1263 341 1337 pacis
355 1261 448 1331 irasci,
460 1262 509 1316 sed
525 1260 655 1316 innoxios
668 1260 753 1316 etiam
768 1261 871 1318 milites
884 1263 985 1332 odisse,
1006 1279 1035 1322 ot
1049 1278 1154 1335 negare

195 1341 272 1398 Urbe
286 1339 403 1397 tectisve
417 1339 607 1413 accipiendos.
648 1336 746 1398 Quam
761 1339 981 1398 concitationem
996 1342 1154 1398 animorum

195 1419 279 1493 fregit
292 1419 429 1474 adventus
443 1416 591 1485 exercitiis,
606 1415 690 1472 etiam
706 1413 783 1472 iratis
797 1417 981 1475 miserabilis:
1005 1438 1062 1476 non
1077 1415 1154 1472 enim

195 1507 338 1570 tamquam
353 1495 382 1552 in
397 1495 515 1569 patriam
531 1505 705 1550 revertentes
718 1511 753 1550 ex
767 1493 909 1568 insperato
923 1496 1089 1566 incolumes,
1104 1497 1154 1552 sed

162 1587 341 1648 receptorum
357 1573 454 1630 habitu
470 1572 612 1645 vultuque,
629 1571 748 1646 ingressi
763 1570 825 1628 serd
846 1573 875 1628 in
890 1571 1005 1642 Urbem,
1028 1575 1067 1630 ita
1080 1593 1111 1630 se
1125 1575 1155 1630 iu

195 1653 254 1708 suis
267 1652 384 1726 quisque
398 1651 482 1708 tectis
495 1650 674 1718 abdiderunt,
700 1659 730 1706 ut
753 1661 863 1724 postero
885 1663 967 1725 atque
982 1651 1155 1726 insequenti-

196 1729 250 1785 bus
263 1729 365 1784 diebus
379 1747 463 1784 nemo
483 1746 580 1784 eorum
596 1727 685 1784 lorum
704 1737 753 1783 aut
772 1727 918 1801 publicum
940 1730 1086 1804 adspicere
1101 1728 1156 1784 vel·

195 1805 243 1862 let.
286 1806 435 1877 combles,
449 1805 478 1862 in
491 1805 600 1880 privato
621 1805 717 1869 abditi,
733 1805 802 1860 nibil
817 1823 867 1879 pro
880 1806 1044 1881 magistratu
1059 1825 1154 1882 agere,

195 1884 250 1940 nisi
265 1884 339 1957 quod
354 1902 516 1958 expressum
536 1882 792 1938 senatus-consulto
814 1895 867 1956 est,
889 1893 920 1940 ut
932 1884 1098 1941 dictatorem
1114 1884 1157 1939 di-

161 1973 294 2022 sscerent
308 1961 486 2018 comitiorum
501 1962 595 2016 causi.
636 1959 675 2020 Q.
691 1959 810 2016 Fabium
826 1961 998 2018 Ambustum
1013 1961 1156 2032 dixerunt,

195 2050 224 2096 et
237 2039 269 2096 P.
285 2039 392 2096 AElium
409 2039 517 2096 Paetum
532 2037 697 2112 magistrum
712 2037 855 2112 equiturn:
888 2039 992 2112 quibus
1015 2039 1082 2094 vitio
1095 2055 1157 2094 cre-

161 2118 258 2192 gatis,
274 2117 385 2174 suffecti
401 2115 441 2172 Μ.
458 2114 592 2172 AEmilius
610 2114 704 2188 Papus
728 2115 856 2183 dictator,
880 2116 914 2173 L.
930 2117 1059 2174 Valerius
1074 2115 1157 2172 Flac-

162 2193 248 2268 {cus
269 2194 402 2268 magister
425 2191 561 2266 equiturn.
601 2191 667 2248 Nec
689 2211 738 2266 per
761 2211 814 2249 eos
834 2194 959 2250 comitia·
969 2194 1083 2250 habita:
1117 2203 1156 2261 et,

167 2271 263 2360 'Jquia
275 2271 397 2328 tedebat
410 2269 543 2345 populum
567 2269 693 2326 omnium
709 2271 922 2345 magistratuum
937 2271 999 2347 ejus
1019 2272 1096 2340 anni,
1111 2291 1157 2330 res

175 2351 231 2426 ,ad
257 2350 449 2422 interregnum
478 2347 568 2404 rediit.
623 2346 785 2422 Interreges
810 2347 850 2408 Q.
874 2347 979 2406 Fabius
1004 2349 1157 2423 Maximus,

162 2426 181 2499 ᾗ
197 2426 237 2485 Μ.
252 2427 383 2484 Valerius
396 2427 514 2482 Corvus.
555 2423 585 2482 Is
598 2424 730 2480 consules
743 2426 848 2482 creavit
868 2424 908 2486 Q·
924 2426 1075 2484 Publilium
1091 2427 1157 2485 Plri-

168 2517 181 2560 ό
196 2504 289 2562 lonem
304 2515 333 2560 et
348 2501 380 2560 L.
396 2502 540 2577 Papirium
555 2502 707 2558 Cursorem
720 2503 832 2574 iteruin,
847 2504 922 2560 haud
936 2505 1023 2562 dubio
1037 2502 1157 2562 consen·

161 2578 228 2640 elau
243 2581 374 2651 civitatis,
388 2579 465 2655 quod
479 2579 549 2636 nulli
563 2580 599 2636 ea
612 2589 779 2654 tempestate
800 2581 889 2637 duces
905 2581 1039 2638 clariores
1051 2597 1156 2640 essent.

236 2736 321 2794 VIII.
355 2735 425 2796 Quo
448 2735 536 2792 creati
551 2745 618 2792 sunt
630 2735 687 2806 die,
700 2754 735 2792 eo
750 2734 806 2810 (sic
819 2736 896 2792 enim
911 2737 1056 2811 placuerat
1069 2737 1157 2794 Patri·

163 2814 263 2890 aobus)
280 2813 475 2888 magistratum
490 2813 624 2878 inierunt,
643 2814 864 2887 solennibusque
887 2813 1157 2871 senattls-consultis

195 2891 339 2966 perfectis,
353 2891 389 2947 de
404 2909 475 2965 pace
489 2889 623 2946 Caudinb
643 2890 817 2946 retulerunt:
851 2901 879 2948 et
901 2891 1048 2958 Publilius,
1069 2909 1157 2965 penes

196 2987 279 3042 quem
302 2969 395 3024 fasces
414 2977 505 3032 erant,
527 2977 546 3004 ⁴⁴
558 2967 625 3033 Dic,
640 2968 689 3042 sp.
704 2967 860 3039 Postumi,’'
875 2968 974 3042 inquit.
1027 2967 1089 3028 Qui
1108 2969 1157 3026 ubi

196 3047 327 3117 surrexit,
353 3045 453 3101 eodem
481 3045 529 3102 illo
555 3045 644 3111 vultu,
670 3063 726 3118 quo
752 3046 805 3102 sub
832 3046 932 3120 jugum
963 3045 1065 3101 missus
1087 3058 1156 3118 erat,

198 3123 313 3179 “llaud
335 3141 397 3179 sum
420 3122 564 3197 ignarus‚”
580 3122 680 3196 inquit,
703 3131 722 3159 “
734 3123 875 3193 consules,
900 3123 1072 3197 ignominie,
1099 3143 1157 3181 non

163 3220 189 3262 sa
199 3201 342 3258 “honoris
352 3201 441 3256 causei
453 3200 630 3273 meprimum
639 3199 802 3265 excitatum,
809 3199 974 3275 jussumque
983 3201 1088 3270 dicere,
1100 3221 1157 3259 non

199 3286 368 3351 “tamquam
384 3287 554 3346 senatorem,
567 3277 617 3334 sed
627 3287 768 3349 tamquam
780 3295 859 3332 reum
875 3280 929 3350 qul
946 3278 1068 3336 infelicis
1082 3279 1157 3348 belli,

199 3355 283 3430 “qual
298 3354 493 3428 ignominiosae
506 3354 593 3426 pacis.
618 3353 688 3427 'Ego
698 3355 928 3427 tamen‚quando
938 3356 1158 3429 nequedenoxb

199 3440 218 3468 “
227 3433 324 3488 nostrai
335 3450 427 3505 neque
436 3432 472 3486 de
484 3430 569 3504 prend
577 3430 719 3502 retulistis,
730 3431 833 3488 omissi
843 3431 1017 3503 defensione,
1029 3452 1091 3508 quae
1100 3453 1158 3492 non

199 3517 218 3544 ⁴¹
228 3509 396 3566 difficillima
406 3519 480 3564 esset
491 3508 565 3582 apud
577 3508 651 3564 haud
665 3508 777 3582 ignaros
786 3509 959 3566 fortunarum
971 3511 1157 3568 humanarum

164 3605 190 3644 ro
200 3587 495 3658 “necessitatumque,
508 3585 677 3641 seutentiam
692 3585 728 3642 de
746 3605 793 3657 eo,
814 3587 851 3642 de
865 3605 920 3660 quo
933 3587 1075 3656 retulistis,
1090 3607 1159 3662 pau-

200 3672 218 3699 “
228 3663 271 3720 cis
282 3681 415 3738 peragam
430 3682 436 3718 :
456 3681 519 3735 quae
533 3663 674 3718 sententia
687 3663 766 3720 testis
780 3664 843 3734 erit,
858 3664 975 3734 mihine,
989 3683 1025 3720 an
1041 3665 1159 3739 legioni·

199 3739 279 3796 “bus
295 3741 393 3796 vestris
407 3739 592 3815 pepercerim,
613 3759 759 3814 quumme
773 3759 823 3797 seu
845 3741 918 3816 turpi
933 3759 982 3797 seu
996 3741 1160 3802 necessarii
