2620 4220
431 775 544 837 LIBRI
564 775 886 840 QUADRAGESIMI

476 966 548 1015 CAP.
565 967 703 1015 v-xvt.
726 968 823 1016 xxiv.

551 1162 746 1176 *ιι-ι·-

424 1307 547 1342 ntroin
564 1303 643 1341 mam
661 1305 884 1348 evanuerunt.

198 1423 269 1467 studit
278 1422 383 1474 Phiiippo·
392 1423 466 1462 liberer
473 1433 605 1473 eorumque·
612 1423 721 1472 oceid0rat,
728 1423 818 1473 conquiri
824 1422 903 1464 obrider
907 1422 1009 1472 juuieret,
1013 1421 1138 1472 Theoxena,

172 1483 209 1524 pro
218 1473 286 1513 liberie
293 1473 335 1513 ruia
343 1479 365 1512 et
373 1471 448 1510 rororis
456 1472 563 1510 admodum
572 1471 639 1520 puerie
648 1471 712 1510 verita
727 1472 780 1521 regie
794 1471 905 1519 libidinem,
934 1471 1004 1509 rolatir
1017 1471 1038 1510 in
1047 1471 1138 1511 medium

175 1521 248 1572 glediie
257 1529 278 1562 et
287 1521 367 1570 poeuio,
377 1520 397 1559 in
407 1531 447 1569 quo
454 1525 500 1558 erat
507 1529 616 1569 venenum,
624 1519 690 1559 ruerit
699 1519 733 1569 iir,
747 1529 769 1560 ot
778 1519 882 1559 unnim
892 1519 898 1557 l
927 1519 999 1558 'brium
1012 1527 1076 1558 morte
1085 1521 1139 1559 edir-

173 1576 259 1619 flerent:
272 1571 398 1664 quodguum
411 1568 552 1617 perueniret,
567 1569 611 1616 ipre
628 1580 649 1606 ee
661 1580 707 1607 eom
720 1568 765 1607 viro
783 1579 794 1606 e
814 1567 862 1607 navi
883 1567 904 1606 in
923 1579 979 1606 mare
994 1568 1137 1616 pmoipiterit.

173 1633 200 1665 v.
217 1633 255 1673 rr,
267 1621 313 1667 dcc.
354 1619 468 1666 ortamine
480 1619 540 1664 inter
556 1617 661 1677 Philippi
677 1618 826 1664 Macedoniae
839 1619 900 1678 regie
911 1618 998 1663 liberos
1008 1617 1100 1664 Perseo
1111 1625 1138 1666 et

172 1680 323 1728 Demetrium
334 1679 463 1726 reiemntur
473 1695 478 1726 :
498 1693 559 1724 vrir.
572 1679 637 1726 Etut
644 1679 724 1726 fraude
733 1679 807 1726 iratrie
816 1679 861 1733 eui,
870 1679 1015 1734 Demetrius,
1023 1675 1137 1726 confictio

172 1743 309 1788 criminibus
323 1743 395 1800 (inter
406 1751 467 1800 quar,
479 1743 635 1788 accusatione
648 1741 763 1800 parricidii
782 1748 808 1788 et
818 1740 922 1788 affectati
933 1741 1013 1802 regni)
1031 1737 1137 1800 primitur
1167 1761 1171 1766 ·

163 1803 269 1863 petitur.
303 1815 373 1851 xxiv.
390 1803 427 1849 Ad
439 1802 561 1858 ultimum,
573 1804 683 1863 quoniam
696 1803 776 1864 popuii
788 1803 890 1850 Romani
907 1803 997 1848 amicus
1014 1807 1071 1860 erat,
1092 1817 1135 1848 ve·

170 1880 234 1912 neno
251 1873 350 1913 necatus
373 1872 423 1912 est:
453 1882 577 1921 regnumque
587 1871 710 1911 Macedonio
723 1878 802 1910 rnortuo
815 1870 909 1920 Phiiippo
921 1871 947 1908 ad
956 1870 1030 1908 Persen
1038 1870 1135 1910 devenit.

170 1926 224 1964 ltorn
239 1939 271 1966 rer
288 1928 308 1966 in
321 1926 430 1976 Liguribus
452 1935 474 1968 et
492 1929 513 1968 iu
533 1929 633 1978 lliepenit
649 1935 720 1976 contre
741 1928 852 1967 Celtiberoe
870 1939 883 1966 ι
896 1939 940 1966 corn
955 1927 1031 1967 iuribue
1044 1928 1134 1968 feliciter

170 1981 241 2024 ‘ertu
257 1976 355 2014 eontinet.
389 1975 446 2015 Libri
465 1977 536 2017 Numae
555 1978 603 2016 Pom
618 1977 648 2016 iiii
667 1977 687 2016 in
706 1989 756 2026 agro
768 1977 794 2014 L.
809 1976 878 2015 Petilii
895 1977 934 2014 ucri
980 1977 1018 2015 rub
1037 1975 1136 2016 Jeniculo

170 2035 183 2062 a
196 2023 306 2063 cultoriboe
315 2024 365 2072 agri,
374 2023 394 2062 in
403 2026 451 2064 arca
460 2025 540 2074 lapidei
548 2026 620 2075 claun,
628 2031 649 2064 et
657 2025 721 2064 Greci
734 2030 755 2063 et
769 2025 848 2073 Latini,
862 2025 938 2064 inventi
947 2031 1009 2074 runt,
1030 2025 1051 2063 in
1060 2025 1134 2074 quibua

170 2084 231 2122 quum
241 2073 305 2121 plura,
314 2072 538 2122 quadie-alventium
547 2074 666 2124 religionum
684 2080 762 2122 prator,
778 2074 804 2111 ad
818 2085 879 2122 quem
892 2073 955 2112 delati
969 2079 1035 2122 erent,
1044 2073 1134 2122 iogieeet,

168 2120 246 2170 jurevit
254 2121 344 2178 renatui,
352 2129 423 2178 contre
430 2123 572 2171 rempublicam
580 2134 632 2180 erre²
639 2129 662 2161 ut
669 2101 784 2171 iegerentur
790 2127 956 2170 niterenturque
963 2134 970 2178 5
978 2128 999 2178 et
1005 2134 1030 2160 ex
1040 2122 1135 2161 renardo-

170 2169 464 2210 eorrutterucomrrroexeeri
477 2178 533 2210 runt.
559 2172 646 2210 colonie
660 2171 757 2228 Aquileia
769 2171 855 2209 deducta
868 2176 905 2208 eet.
930 2169 1135 2219 Philippenegrttu-

169 2217 216 2255 dine
224 2218 287 2256 animi
296 2217 406 2266 consector,
416 2220 467 2268 qudd
475 2219 601 2259 Demetrium
611 2219 682 2268 filium,
696 2219 753 2258 iniere
768 2218 836 2258 Penei
851 2217 935 2256 alteriue
951 2218 987 2256 filii
996 2219 1134 2258 deiatiouibur

169 2264 275 2314 immbue,
284 2277 361 2305 veneno
369 2267 492 2316 auetniireet,
500 2274 521 2306 et
531 2269 555 2306 de
561 2269 619 2317 prena
628 2267 694 2307 Penei
704 2267 808 2318 cogitavit,
815 2267 919 2316 voluitque
927 2266 1051 2316 Antigonum
1055 2267 1133 2317 polida,

169 2314 256 2352 amicum
266 2325 324 2352 auum
342 2325 478 2354 ruoeerrorem
488 2316 545 2365 regni
553 2317 585 2355 rui
594 2317 712 2366 relinquere.
739 2317 780 2356 Sed
790 2315 811 2354 in
820 2316 859 2354 heo
865 2315 987 2364 cogitatione
993 2321 1056 2354 rnorte
1063 2327 1084 2354 ra
1099 2321 1134 2356 tur

168 2366 308 2410 «iriquum
317 2341 496 2412 interrumpit.
524 2364 690 2415 [Uimi-bix.
725 2365 901 2403 neoto-⁵74.
927 2327 1113 2416 nelei-1⁷5]

552 2513 756 2524 -n———n—

208 2644 245 2704 V.
280 2645 375 2724 Hujus
389 2647 521 2706 atrocitas
535 2648 670 2707 facinoris
694 2668 794 2708 noram
809 2647 886 2706 velut
900 2647 1042 2706 flammam
1056 2648 1168 2726 regie?

169 2724 283 2782 inridiae
306 2727 420 2802 edjeeit,
442 2738 473 2784 ut
493 2726 577 2803 vulgo
599 2728 690 2803 ipsum
704 2729 862 2802 liberosque
876 2727 937 2801 ejus
950 2729 1162 2804 efficerem-{r

169 2813 232 2860 tur:
253 2823 315 2878 que
335 2805 404 2860 dirre
426 2806 513 2872 brevi,
528 2806 564 2863 ab
577 2806 709 2863 omnibus
722 2805 786 2862 Diis
799 2806 950 2876 exaudite,
973 2815 1004 2861 ut
1022 2805 1133 2862 saeviret
1148 2821 1167 2870 ti

96 2879 98 2884 ’
169 2881 273 2956 ipsein
288 2901 370 2939 suum
392 2884 570 2958 sangninem,
591 2884 758 2940 effecerunt.
801 2883 922 2940 Perseus
936 2882 1023 2950 enim,
1044 2901 1131 2956 quum
1147 2871 1167 2910 ὀ

168 2959 198 3016 in
213 2961 274 3016 diee
289 2961 379 3035 magis
393 2973 523 3018 cerneret
537 2962 659 3018 savorem
674 2961 897 3038 dignitatemque
918 2959 1057 3016 Demetrii
1078 2959 1127 3016 sra-
1147 2959 1161 3002 ἲ

168 3037 219 3094 trie
246 3039 320 3111 apud
342 3035 535 3096 Macedonum
550 3039 760 3096 multitudinem
791 3057 930 3108 crescere,
962 3048 991 3094 et
1010 3022 1166 3112 gratiamfj

169 3116 243 3190 apud
259 3115 416 3185 Romanos,
439 3117 492 3174 eibi
506 3137 586 3192 spem
607 3117 714 3174 nullam
739 3117 819 3192 regni
844 3135 1002 3190 superesse,
1023 3116 1078 3172 niei
1101 3115 1131 3172 iu

169 3193 286 3264 sceiere,
317 3205 403 3262 retus,
425 3195 460 3252 ad
487 3196 515 3253 id
537 3214 625 3252 unum
654 3213 755 3252 omnen
783 3194 969 3270 cogitationes
998 3193 1130 3252 intendit.

169 3271 325 3343 Caeterrlm,
339 3291 425 3346 quum
439 3293 469 3330 se
483 3293 520 3330 ne
534 3273 569 3330 ed
585 3273 613 3329 id
621 3273 745 3347 quidem,
754 3273 829 3348 quod
844 3271 974 3328 muliebri
985 3271 1132 3346 cogitabat

170 3351 274 3416 enimn,
297 3350 366 3407 satie
389 3370 490 3425 perse
513 3351 635 3410 validum
656 3351 795 3417 crederet,
824 3349 952 3424 singulos
973 3349 1131 3406 amicorum
1143 3380 1167 3420 to

169 3428 256 3503 patrie
276 3439 386 3485 tentare
407 3430 584 3486 sermonibus
605 3428 745 3504 perplexis
759 3428 868 3486 institit
911 3426 949 3483 Et
962 3426 1055 3502 primo
1069 3427 1133 3501 qui·

170 3505 236 3564 dem
257 3524 292 3563 ex
314 3507 358 3564 hie
371 3507 603 3582 adspernantium
617 3507 673 3564 tale
687 3506 840 3580 quidquem
861 3505 986 3580 speciem
1001 3505 1132 3579 praebue-

170 3594 246 3656 runt,
259 3585 326 3658 quie
345 3585 408 3659 plus
429 3587 457 3642 in
477 3585 623 3644 Demetrio
645 3585 706 3660 spei
725 3584 890 3659 ponebant:
919 3583 1034 3649 deinde,
1055 3601 1133 3640 eree-

170 3673 255 3718 oente
269 3663 299 3718 in
313 3663 375 3718 dies
388 3663 511 3737 Philippi
524 3663 590 3718 odio
604 3662 633 3718 in
656 3661 814 3733 Romanos,
838 3662 886 3718 oui
904 3661 1026 3718 Perseus
1040 3660 1134 3716 indul·

170 3750 258 3812 geret,
287 3740 449 3798 Demetrius
475 3740 585 3797 nummi
612 3759 666 3814 ope
695 3740 899 3808 adversaretur,
927 3738 1167 3814 prospieientes„
