2632 4224
147 339 190 398 bu
545 346 615 396 rrrr
631 345 716 397 urvtr
788 335 802 360 ’-

147 488 258 537 tautum
273 501 303 539 se
317 501 380 540 esse
404 486 558 560 srmularet‚
584 489 698 560 Sextus,
722 453 890 567 fil'ius'ejus
912 493 961 568 qui
975 493 1111 556 minimus

147 575 183 613 ex
198 559 287 617 tribus
300 573 370 627 erat,
385 565 536 642 transfugit
560 585 595 623 ex
620 569 775 643 composito
799 571 916 638 Gabios,
938 575 1025 647 patris
1036 575 1064 631 in
1079 595 1110 632 se

146 637 282 695 sevitiam
307 641 513 700 intolerabilem
538 652 753 719 conquerens?
777 648 870 706 “Jaru
895 650 931 705 ab
958 651 1058 710 alienis
1080 654 1109 710 iu

145 714 242 772 “sues
264 720 379 776 vertisse
401 723 579 796 superbiam3
607 735 637 780 et
659 725 812 782 liberorum
835 746 946 801 quoque
967 748 1034 785 eum
1057 730 1111 786 sre-

146 792 302 866 “quentiae
316 800 438 867 taedere-3
471 812 511 866 ut,
536 819 619 874 quam
645 803 673 858 iu
696 803 775 859 curib
794 805 976 862 solitudinem
1000 807 1145 876 secorius

145 871 164 908 ‘⁴
176 872 252 929 domi
268 895 378 950 quoque
393 877 478 934 faeiat
487 897 494 946 ;
519 897 654 952 nequam
679 881 805 956 stirpem,
820 901 951 957 nequem
968 885 1109 942 haeredem

145 950 255 1026 “regni
270 954 417 1028 relinquat.
461 957 499 1012 Se
523 957 649 1030 quidem,
677 959 749 1015 iuter
773 961 830 1016 tela
851 973 879 1017 et
900 962 1009 1036 gladios
1024 965 1111 1037 patris

146 1029 315 1104 “elapsum‚
342 1033 412 1088 nihil
435 1052 552 1107 usquam
575 1036 629 1092 sibi
651 1047 753 1104 tutum,
781 1039 836 1096 uisi
861 1041 936 1113 apud
959 1041 1053 1097 hostes
1075 1041 1109 1098 L.
1174 1047 1179 1106 ζ

144 1109 163 1142 “
176 1107 338 1181 Tarquinii,
364 1111 528 1169 credidisse.
581 1113 669 1180 Nam,
697 1135 734 1172 ne
761 1129 897 1190 errarent,
925 1123 1041 1174 manere
1065 1113 1113 1176 his'
1195 1109 1199 1124 ¹

144 1188 162 1220 “
176 1186 291 1258 bellum,
305 1189 379 1262 quod
395 1189 516 1264 positum
532 1191 679 1249 simuletur
688 1213 695 1262 ;
725 1205 754 1250 et
777 1215 827 1269 per
846 1197 1028 1253 occasionem
1043 1217 1109 1254 curn
1120 1215 1143 1253 ro

143 1265 162 1298 “
175 1263 305 1321 incautos
320 1267 493 1328 invasurum.
533 1269 622 1330 Quod
638 1272 661 1327 si
686 1273 760 1346 apud
778 1292 827 1329 eos
841 1275 1016 1348 supplicibus
1029 1275 1110 1331 locus
1148 1315 1152 1322 -

145 1345 232 1398 “non
256 1343 302 1414 sit,
327 1358 534 1418 pererraturum
554 1367 584 1403 se
607 1368 693 1404 omne
715 1349 847 1406 Latium:
880 1352 1056 1424 Volscosque
1077 1371 1108 1408 se

143 1420 252 1492 “iude
277 1434 305 1478 et
327 1423 446 1496 AEquos‚
471 1436 500 1480 et
524 1425 667 1482 Hernicos
691 1428 846 1500 petiturum
857 1448 865 1495 3
897 1429 989 1484 donec
1009 1430 1043 1484 ad
1059 1448 1109 1486 eos

143 1503 162 1534 “
174 1499 329 1572 perveniat,
344 1502 391 1574 qui
406 1520 423 1556 a
437 1511 547 1574 patrum
567 1504 732 1560 crudelibus
756 1519 839 1578 atque
855 1506 948 1584 impiis
962 1508 1108 1582 suppliciis

143 1583 160 1614 ‘²
175 1577 503 1650 tegereliberossciaut.
546 1580 676 1638 Forsitan
702 1582 787 1638 etium
813 1584 920 1639 ardoris
944 1585 1048 1658 aliquid
1072 1585 1142 1640 adra

142 1659 161 1694 “
176 1655 280 1710 bellum
295 1675 428 1730 armaque
442 1677 473 1713 se
493 1659 627 1714 adversus
651 1659 884 1734 superbissimum
909 1681 1005 1737 regem
1021 1682 1055 1718 ac
1070 1662 1109 1719 le·

144 1740 163 1772 “
175 1733 353 1789 recissimum
369 1735 502 1809 populum
518 1737 727 1792 inventurum.''
769 1737 880 1807 Quum,
895 1740 918 1795 si
934 1740 1003 1796 nibil
1019 1759 1109 1798 mora·

142 1823 250 1881 rentur,
267 1812 394 1868 infensus
409 1814 447 1868 iri
463 1809 545 1888 porro
570 1815 637 1870 iude
659 1815 786 1871 abiturus
811 1813 963 1888 videretur,¹
983 1817 1107 1893 benigne

143 1893 179 1950 ab
203 1891 323 1946 Gabinis
347 1891 509 1965 excipitur:
544 1903 639 1948 retent
662 1893 766 1964 mirari,
789 1894 822 1960 si,
850 1895 941 1968 qualis
968 1896 997 1968 in
1019 1897 1106 1962 eires,

142 1968 233 2046 qualis
254 1969 284 2024 in
299 1969 400 2041 socios,
425 1970 489 2025 talis
510 1971 546 2024 ad
569 1970 696 2025 ultimum
719 1969 747 2028 iu
769 1971 873 2028 liberos
893 1983 976 2028 esset.
1020 1973 1053 2028 ln
1076 1989 1141 2029 sea]

141 2051 235 2126 ipsum
247 2046 388 2122 postremi)
401 2047 575 2113 saeviturum,
590 2048 612 2103 si
628 2047 683 2103 alia
697 2049 799 2105 desint.
842 2050 903 2106 Sibi
919 2048 1105 2128 vertigratrim

143 2130 295 2185 adrentum
319 2126 380 2200 ejus
406 2144 485 2194 esse;
518 2125 699 2200 futurumque
727 2127 844 2198 credere
872 2125 960 2204 breul,
980 2134 1029 2198 ut,
1059 2130 1107 2186 illo

142 2208 303 2282 adjuvaute,
329 2204 365 2260 ab
389 2205 475 2278 portis
499 2204 620 2260 Gabinis
643 2205 695 2260 sub
719 2195 853 2262 Rd'mana
873 2205 980 2263 moeuia
1000 2208 1105 2265 bellum

140 2283 333 2342 transferatur.
390 2285 442 2325 0¹²
540 2339 564 2359 ,¹
635 2324 639 2333 ‚
678 2278 837 2370 wssz‘w
862 2293 893 2372 β,
928 2323 1077 2376 r'·e·›·¹'⁴

385 2353 517 2398 jeu*
570 2359 572 2366 ’
678 2356 793 2396 „dlvi
861 2364 868 2384 ι
1070 2359 1077 2368 “

181 2441 259 2498 LIV.
282 2439 355 2496 lude
376 2440 405 2496 in
427 2440 549 2496 concilia
570 2439 683 2514 publica
704 2441 850 2498 adbiberi:
884 2442 943 2508 ubi,
967 2461 1054 2516 quum
1069 2443 1140 2500 desa

143 2521 207 2578 aliis
222 2521 307 2576 rebus
321 2519 458 2582 assentire
473 2537 503 2574 se
528 2519 669 2574 veteribus
680 2519 800 2576 Gabinis
814 2520 933 2591 diceret,
945 2521 1047 2594 quibus
1062 2516 1105 2576 bae

140 2599 265 2656 notiores
278 2595 383 2662 essent,
399 2597 458 2672 ipse
481 2597 637 2652 identidem
663 2597 727 2652 belli
751 2609 849 2654 auctor
871 2617 944 2668 esse,
959 2600 986 2654 in
1002 2618 1037 2654 eo
1051 2599 1104 2654 sibi

140 2677 312 2752 praeeipuam
328 2675 507 2750 prudentiam
531 2692 684 2742 assumere,
708 2674 781 2748 qurid
798 2678 943 2749 utriusque
956 2677 1052 2750 populi
1068 2677 1105 2732 vi·

139 2757 184 2812 res'
209 2757 315 2826 udsset,
345 2755 486 2826 sciretque
515 2753 632 2808 invisam
658 2753 783 2826 prolectri
811 2755 971 2828 superbiam
996 2755 1103 2828 regiam

140 2834 338 2897 civibusesse,
354 2851 437 2906 quam
464 2832 536 2887 serre
557 2850 593 2887 ue
615 2831 695 2887 liberi
717 2832 830 2904 quidem
853 2833 1017 2906 potuissent.
1060 2831 1138 2888 ltaao

138 2931 224 2986 quum
241 2911 346 2969 sensim
361 2911 396 2967 ad
412 2910 607 2968 rebellandum
621 2909 758 2984 primores
771 2911 946 2966 Gabinorum
962 2910 1103 2978 incitaret,

139 2991 199 3065 ipse
223 3009 290 3048 curu
312 2989 527 3064 promptissimis
548 2988 683 3063 juvenum
708 2989 863 3062 praedatum
889 3001 973 3062 atque
1001 2989 1030 3044 in
1054 3005 1104 3045 ex·

138 3069 296 3144 peditiones
312 3069 373 3134 iret,
389 3080 418 3124 et
431 3067 515 3123 dictis
537 3067 674 3140 lactisque
695 3067 827 3122 omuibus
842 3067 878 3121 ad
893 3063 1046 3122 sallendur'u
1063 3067 1104 3122 in-

142 3147 257 3204 structis
272 3165 344 3204 vana
356 3156 536 3202 accresceret
550 3145 628 3214 fides,
643 3145 700 3200 dux
715 3146 750 3200 ad
766 3145 895 3200 ultimum
912 3143 977 3199 belli
990 3145 1101 3218 legitur.

143 3226 184 3282 lbi
207 3245 304 3300 quum,
328 3225 415 3280 inscii
440 3223 620 3280 multitudine
644 3223 711 3297 quid
735 3233 875 3298 ageretur,
898 3223 998 3298 proelia
1019 3241 1137 3297 parvam

138 3304 212 3360 iuter
226 3304 348 3360 Romam
363 3303 525 3376 Gabiosque
550 3302 660 3367 fierent,
686 3301 787 3376 quibus
808 3302 974 3376 plerumque
989 3303 1103 3358 Gabina

137 3401 183 3439 res
197 3382 323 3456 superior
337 3393 427 3450 esset‚·
456 3392 515 3436 tum
538 3379 665 3436 certatim
681 3381 783 3437 summi
806 3381 952 3456 infimique
976 3381 1102 3437 Gabino·

140 3479 205 3516 rum
233 3461 299 3516 Sex.
328 3459 518 3533 Tarquinium
545 3459 620 3514 douo
652 3458 745 3514 Deum
774 3459 827 3515 sibi
850 3459 967 3516 missurn
997 3460 1101 3515 ducem

138 3540 263 3596 eradere.
315 3539 399 3612 Apud
425 3538 528 3594 milites
550 3535 616 3593 verb
637 3537 770 3593 obeundo
791 3537 917 3611 pericula
931 3555 965 3592 ac
980 3537 1100 3608 labores,

137 3619 242 3692 pariter
256 3618 378 3692 praedam
399 3616 534 3672 munifice
559 3615 715 3690 largiendo,
739 3616 818 3671 tanta
840 3616 956 3671 caritate
971 3635 1044 3687 esse,
1070 3625 1134 3671 utro

138 3715 194 3752 non
211 3707 290 3772 pater
304 3696 479 3770 Tarquinius
500 3694 640 3769 potentior
661 3693 883 3767 Romae,'qudm
905 3695 979 3750 lilius
1000 3693 1100 3750 Gabiis

137 3786 238 3858 essetq
262 3773 373 3848 Itaque,
394 3785 540 3850 postquam
565 3772 634 3828 satis
655 3771 755 3827 virium
777 3772 928 3829 collectum
943 3773 978 3826 ad
999 3789 1100 3826 omues
