2632 4224
545 400 649 450 LIBER
667 401 686 448 1.
719 413 779 449 cat.
791 413 873 449 xxvia.
1149 405 1189 464 27

232 545 252 580 “
263 554 387 622 possent.
428 542 453 612 I,
468 542 558 609 lictor,
573 541 676 618 colliga
689 561 800 610 manus,
812 561 882 617 ,qnae
896 541 979 619 pauld
994 545 1058 604 ante
1073 557 1188 604 armatas

233 626 252 658 “
266 622 413 698 imperium
427 621 530 697 populo
544 621 676 678 Romano
698 633 877 696 pepererunt.
918 621 943 690 l,
966 633 1052 698 eaput
1072 625 1187 681 obnube

234 697 420 757 “liberatoris
434 699 512 756 urbis
526 697 627 773 bujns:
649 699 740 754 arbori
756 697 862 754 infelici
877 701 1036 774 suspende:
1062 703 1187 768 verbera,
1204 704 1226 746 ·'

235 783 254 814 “
266 780 308 835 vel
322 780 396 836 intra
418 777 594 854 pomoerinm‚
619 777 703 832 modd
727 777 799 832 inter
824 776 871 833 illa
891 777 948 852 pila
970 789 999 836 et
1022 780 1110 854 spolia
1125 781 1188 838 bns·

14 897 20 956 ι
213 862 253 917 ⁵“
265 857 333 914 tium
346 877 354 925 3
375 855 419 912 vel
433 867 512 914 extra
525 855 700 930 pomaerium,
725 853 809 910 rnodb
835 853 908 912 intra
925 857 1054 930 sepulcra
1067 858 1189 914 Curiati·

234 939 252 972 “
263 953 353 992 orum·
393 934 462 994 Qud
476 933 552 990 enirn
567 931 672 988 ducere
686 931 764 988 hune
775 931 909 1007 juvenem
924 935 1046 1010 potestis,
1069 936 1116 992 ubi
1131 955 1187 992 non

233 1019 315 1070 “sua
338 1013 442 1070 deeora
465 1029 530 1066 enm
554 1029 571 1066 a
594 1010 674 1066 tanta*
697 1009 821 1066 soeditate
845 1011 976 1086 supplicii
992 1013 1189 1070 vindicentl''

146 1073 301 1158 „sNon
315 1091 378 1146 tulit
392 1088 510 1164 populus
523 1107 578 1144 neo
592 1087 678 1161 patris
695 1087 844 1162 lacrymas,
869 1109 923 1146 neo
947 1090 1035 1165 ipsius
1049 1110 1144 1166 parem
1160 1091 1188 1148 in

236 1168 312 1228 omui
322 1167 451 1242 periculo
465 1166 611 1222 animum:
642 1165 885 1240 absolveruntque,
900 1168 1085 1226 admiratione
1099 1170 1190 1246 magis

205 1246 354 1311 tovirtntis‚
368 1245 451 1319 qnam
462 1243 525 1319 jure
540 1261 643 1300 cause.
684 1241 793 1316 Itaque,
818 1253 850 1300 ut
870 1245 964 1301 eredes
977 1247 1127 1304 manifesta
1141 1248 1191 1304 ali·

236 1347 291 1400 quo
305 1336 397 1380 tamen
411 1321 524 1398 piaculo
541 1321 676 1390 lueretur,
703 1321 869 1395 imperatum
884 1323 964 1397 patri,
988 1335 1017 1382 nt
1040 1325 1129 1382 lilium
1143 1345 1192 1382 ex·

235 1405 325 1478 piaret
348 1399 471 1475 pecnnia
496 1399 616 1474 publierl.
670 1397 709 1464 Is,
735 1398 903 1472 quibusdam
931 1401 1122 1476 piacularibus
1148 1424 1192 1460 sn-

236 1479 351 1538 crifieiis
365 1478 456 1550 lactis,
470 1495 533 1552 quae
547 1477 650 1534 deinde
664 1476 742 1552 genti
758 1477 884 1534 Horatiae
900 1479 1000 1536 tradita
1014 1493 1087 1548 sunt,
1103 1493 1191 1538 trans-

237 1560 322 1616 misso
335 1575 385 1631 per
409 1556 482 1612 viam
504 1555 603 1628 tigillo,
618 1553 723 1632 ‘eapite
746 1554 889 1628 adoperto,
915 1557 990 1614 velut
1017 1560 1191 1634 subjugum

206 1654 228 1692 15
237 1637 312 1693 misit
322 1636 466 1710 juvenem.
506 1631 541 1690 Id
556 1613 640 1689 hodie
661 1651 771 1706 quoque
792 1633 905 1706 publice
929 1654 1040 1710 semper
1055 1639 1192 1694 resectum

237 1725 340 1772 manet.
392 1711 534 1767 Sororium
558 1707 681 1784 tigillum
704 1721 815 1766 vocant.
870 1711 995 1770 Horatiae
1020 1717 1192 1789 sepulerum,

236 1811 291 1867 quo
304 1788 367 1849 loco
381 1798 524 1846 corruerat
539 1788 604 1855 ieta,
619 1797 812 1844 constructum
826 1799 868 1845 est
883 1808 950 1848 saxo
963 1793 1107 1866 quadrato.
1123 1827 1130 1845 r

192 1935 196 1942 ⁸
275 1943 406 2004 XXVII.
441 1943 506 2002 Neo
530 1944 578 2002 din
602 1963 657 2019 pax
682 1944 794 2004 Albana
817 1948 928 2004 mansit.
971 1948 1082 2006 Invidia
1107 1949 1192 2025 vulgi,

237 2026 311 2100 qnbd
326 2025 415 2082 tribus
427 2023 562 2080 militibus
573 2022 686 2080 fortuna
696 2017 810 2098 publlda
821 2026 972 2082 commissa
984 2026 1076 2094 luerit,
1089 2047 1192 2086 vanum

197 2115 228 2161 ‘nt
239 2103 385 2178 ingenium
409 2101 553 2157 dictatoris
580 2102 722 2175 eorrupit3
756 2112 795 2168 et,
816 2104 949 2176 quoniam
975 2117 1051 2162 reeta
1074 2107 1194 2164 consilis

238 2181 314 2238 haud
326 2180 399 2236 bene
413 2187 575 2248 evenerant,
589 2180 681 2252 pravis
693 2180 879 2236 reconciliare
894 2183 1068 2256 popularium
1084 2187 1192 2243 animos

193 2303 200 2314 .
238 2258 334 2332 ooepit
376 2255 611 2331 lgitunutpribs
635 2257 664 2312 in
690 2257 763 2313 bello
776 2277 886 2332 paoem,
901 2260 944 2316 sie
958 2262 986 2316 in
1001 2281 1071 2337 pnee
1087 2264 1191 2320 bellum

238 2353 376 2410 quaerens,
390 2333 456 2408 qnia
470 2352 528 2389 suta
541 2333 648 2412 civitati
662 2335 819 2392 animorum
844 2337 906 2411 plns
919 2340 1003 2413 qnzim
1018 2342 1117 2399 virium
1133 2361 1193 2399 oer-

238 2415 324 2470 nebat
336 2431 410 2484 esse,
425 2411 461 2468 ad
474 2411 578 2468 bellum
593 2411 685 2486 pallm
700 2423 783 2486 atque
797 2427 832 2472 ex
845 2415 940 2474 edicto
952 2421 1108 2492 gerendum
1124 2421 1193 2477 alios

205 2489 509 2564 meoncitatpopnlos3
538 2489 597 2546 suis
620 2509 670 2563 per
691 2492 814 2564 speciem
837 2493 979 2551 societatis
1002 2499 1191 2570 proditionem

151 2594 214 2690 j
238 2580 369 2626 reservat.
420 2566 584 2634 Fidenates,
608 2567 719 2624 colonia
742 2569 884 2636 Romana,
913 2571 1081 2647 Vejentibus
1108 2577 1192 2632 soniis

238 2647 349 2704 consilii
364 2645 523 2718 assumptis,
538 2655 621 2718 pacto
634 2647 807 2704 transitionis
829 2649 1005 2708 Albanorum
1030 2653 1065 2708 ad
1087 2653 1193 2710 bellum

239 2735 321 2798 atque
343 2741 421 2780 arma
441 2723 604 2779 incitantur.
645 2723 745 2784 Quum
769 2726 889 2784 Fidenae
914 2730 1007 2802 aperte*
1026 2731 1191 2798 descissent,

238 2802 351 2868 Tullus,
369 2801 457 2858 Metto
471 2801 653 2874 exercituque
667 2802 729 2876 ejus
753 2804 788 2858 ab
811 2804 884 2860 Alblt
900 2805 1001 2874 nocito,
1016 2821 1115 2864 eontra
1129 2811 1193 2866 bos·

205 2891 281 2938 antes
304 2879 399 2936 ducit:
434 2878 482 2935 nbi
507 2879 650 2936 Anienem
676 2881 792 2950 transiit,
818 2882 853 2938 ad
878 2883 1054 2942 confluentes
1071 2887 1193 2945 collocat

238 2969 338 3014 eastra.
380 2955 457 3014 Inter
471 2975 537 3013 eum
550 2957 643 3013 locum
658 2969 687 3013 et
707 2955 841 3026 Fidenas,
865 2960 1027 3036 Vejentium
1052 2965 1193 3023 exercitus

238 3035 368 3092 Tiberim
383 3033 538 3092 transierat.
579 3035 619 3092 Hi
643 3046 673 3091 et
697 3035 724 3091 in
750 3037 811 3092 acie
836 3057 921 3114 prope
946 3039 1050 3102 flumen
1075 3047 1192 3102 tenuere

238 3114 366 3170 dextrum
382 3131 489 3169 cornu:
517 3113 547 3170 in
571 3113 684 3168 sinistro
708 3111 862 3172 Fidenates
875 3116 988 3191 propius
1002 3134 1111 3178 montes
1125 3141 1193 3180 eon-

238 3191 348 3246 sistnnt.
389 3189 493 3247 Tullus
516 3193 650 3246 adversus
671 3191 822 3265 Vejentem
846 3195 954 3252 hostem
981 3197 1077 3273 dirigit
1104 3219 1191 3259 snos:

206 3287 232 3326 as
242 3263 477 3326 Albanos'oontra
490 3268 631 3344 legionem
643 3268 824 3326 Fidenatium
838 3273 966 3330 collocat.
1008 3277 1121 3333 Albano
1135 3299 1192 3336 non

240 3345 303 3420 plus
317 3344 402 3403 animi
416 3357 485 3411 erat,
500 3347 583 3419 qnam
598 3343 684 3402 fidei:
715 3365 770 3402 nen
784 3367 899 3407 manere
913 3371 990 3426 ergo,
1004 3373 1059 3410 nee
1072 3358 1192 3413 transire

239 3423 333 3498 aperte
348 3443 441 3491 ansus,
466 3423 572 3480 sensim
596 3424 632 3479 ad
655 3435 765 3480 montes
779 3429 916 3486 succedit.
958 3431 1041 3503 Inde,
1062 3434 1110 3490 ubi
1125 3435 1193 3492 satis

239 3500 348 3558 subisse
374 3521 436 3559 sese
462 3511 539 3558 tatus
565 3511 615 3571 eat,
637 3497 721 3576 erigit
744 3514 829 3562 totam
853 3507 961 3564 aciem:
996 3509 1191 3585 fluctuansque

239 3579 343 3644 animo,
358 3592 389 3638 ut
403 3579 509 3637 tereret*
520 3591 638 3654 tempus,
653 3580 767 3636 ordines
781 3584 913 3658 explieat.
948 3585 1106 3648 Consilium
1121 3600 1190 3655 erat,

206 3660 294 3730 inqut
308 3657 420 3714 fortuna
433 3675 493 3714 rem
507 3657 595 3724 daret,
620 3658 655 3714 ed
674 3657 810 3715 inclinare
825 3662 906 3719 vires.
948 3662 1086 3720 bliraoulo
1099 3666 1190 3737 primo

239 3755 301 3791 esse
317 3735 466 3802 Romanis,
481 3735 528 3810 qni
551 3735 669 3810 proximi
694 3744 838 3808 steterant,
863 3751 893 3796 ut
916 3741 1018 3796 nudari
1041 3741 1128 3795 latera
1141 3760 1192 3797 sua

239 3814 380 3872 sociorum
395 3815 522 3889 digressu
536 3820 703 3870 senserunt:
734 3812 800 3868 inde
822 3833 908 3889 oques
931 3817 1017 3874 citato
1035 3834 1107 3888 equo
1121 3835 1192 3875 nun-
