2630 4228
419 743 534 804 LIBRI
555 745 741 804 VICESIMI
763 747 884 813 PRIMI

395 931 468 981 cAP.
485 933 637 982 l-xvltt.
663 933 766 982 XXXII
775 935 908 984 -.-va1.

573 1134 722 1148 *ἀι---

412 1297 538 1332 ”Hom
556 1297 637 1332 um
655 1297 784 1332 Victfllffl
802 1299 891 1332 entur.

202 1407 224 1462 l,
236 1409 283 1456 bo.
295 1407 324 1455 lrr
337 1407 427 1454 ltaliam
439 1407 494 1454 belli
507 1407 591 1454 Punici
601 1408 701 1454 secundi
713 1415 777 1454 ortus
788 1417 905 1466 narratum
917 1424 942 1466 v,
952 1410 1000 1457 ire.
1020 1412 1054 1458 Et
1065 1412 1133 1460 Han·

170 1471 255 1516 nibalio
279 1471 406 1516 noenorum
427 1469 505 1523 ducis,
524 1478 606 1515 eontra
623 1470 707 1523 fredus,
719 1483 760 1528 per
777 1470 872 1516 lberurn
889 1485 984 1518 amnem
1003 1477 1133 1533 transitrrs;

169 1546 225 1580 xrv.
242 1533 263 1576 A
275 1545 323 1592 quo
336 1531 478 1590 Saguntum,
490 1531 608 1578 sociorum
621 1531 700 1590 populi
713 1531 815 1576 Ronrani
825 1533 918 1586 civitas,
927 1535 1034 1589 obsessa,
1046 1543 1133 1582 octavo

170 1606 254 1639 mense
272 1603 338 1652 capta
356 1599 401 1638 est.
434 1606 515 1639 xvrrr.
545 1591 582 1638 De
594 1593 679 1652 quibus
690 1593 779 1654 injuriis
799 1593 863 1640 missi
884 1595 954 1656 legati
967 1597 995 1640 ad
1009 1597 1131 1658 Cartbagi-

170 1656 276 1708 nienses,
289 1655 328 1714 qui
340 1661 509 1714 quererentur:
532 1668 605 1714 quum
617 1653 752 1700 satisfacere
764 1655 863 1709 nollent,
875 1656 962 1702 bellum
975 1657 1002 1702 ils
1014 1659 1130 1706 indictum

171 1726 216 1763 est.
233 1727 345 1776 Hannibal,
359 1732 457 1775 superato
466 1725 558 1774 Pyrenuo
566 1726 628 1775 saltu,
635 1737 670 1774 par
678 1725 764 1774 Gallina,
774 1726 823 1764 lusia
831 1727 910 1774 Volcis,
917 1725 951 1778 qui
958 1729 1057 1768 obsistere
1065 1732 1134 1772 conati

169 1790 236 1833 crant,
248 1781 277 1826 nd
289 1781 363 1840 Alpes
375 1779 439 1824 venit
450 1793 456 1834 ς
475 1792 572 1834 xnxrrr,
583 1780 629 1826 ire.
658 1779 689 1824 Et
702 1779 817 1824 laborioso
829 1794 870 1838 per
881 1795 922 1826 eas
934 1783 1033 1828 transitu
1047 1786 1055 1836 t
1061 1797 1134 1840 quum

170 1849 298 1888 montanos
310 1855 405 1901 quoqraa
418 1839 499 1885 Gallos
511 1841 594 1886 obvios
606 1841 800 1900 aliquot-proellis
812 1842 947 1902 repulisset)
968 1843 1092 1888 descendit
1108 1844 1134 1889 in

171 1903 273 1956 ltaliam,
287 1906 351 1950 etad
363 1903 474 1949 Ticinum
487 1916 581 1946 ornnem
599 1902 720 1948 Romanos
733 1903 836 1960 equestri
856 1903 938 1962 proelio
950 1903 1023 1950 fudit:
1052 1906 1075 1950 in
1086 1919 1138 1963 quo

172 1965 320 2012 vulneratum
334 1966 362 2012 P.
375 1963 511 2010 Cornelium
525 1963 662 2022 Scipionem
681 1963 783 2020 protexit
795 1961 866 2018 lilius,
884 1965 923 2024 qni
938 1965 1038 2018 Africani
1051 1975 1135 2024 postea

171 2041 260 2074 nomen
272 2029 374 2086 accepit.
408 2031 523 2080 lterumque
533 2031 625 2070 exercitu
638 2031 730 2069 Romano
742 2031 767 2069 ad
781 2031 854 2070 tlurrren
864 2032 960 2072 Trebiam
970 2033 1022 2082 suso,
1033 2033 1136 2075 Hannibal

171 2087 301 2144 Xpenninum
316 2098 403 2144 quoquo,
416 2099 453 2144 per
462 2099 554 2137 magnam
563 2087 782 2126 militurnroxationem
790 2095 869 2136 proptor
876 2089 916 2127 vim
924 2097 1075 2138 tempestatum,
1082 2099 1136 2128 tran-

170 2143 213 2174 rnt.
236 2137 275 2176 Cn.
285 2136 392 2175 cnmatrur
399 2136 469 2184 Scipio
478 2137 498 2174 in
507 2137 605 2185 llispanit
613 2145 683 2175 contra
694 2136 761 2174 l'rrnos
768 2137 863 2189 prospere
872 2138 976 2187 pugnavit,
986 2140 1037 2178 duro
1046 2139 1136 2178 hostium

172 2184 257 2234 nagor»
266 2192 334 2234 capto·
386 2183 575 2236 [Cant-curt.
594 2185 772 2224 u.c.534-535.
798 2186 986 2256 ⁴·?·⁵³l⁸-²1⁷·l
1058 2204 1062 2214 ·

212 2408 236 2466 Ι.
270 2407 307 2465 In
321 2419 399 2483 parte
412 2407 506 2483 operis
529 2407 585 2464 mei
611 2407 678 2464 licet
693 2409 761 2466 mibi
780 2411 900 2486 praelari,
920 2411 994 2484 qnod
1009 2411 1037 2466 in
1059 2411 1137 2485 prin·

95 2477 142 2575 “s
171 2486 248 2562 cipio
262 2505 381 2542 summae
395 2487 481 2543 totius
494 2485 612 2560 professi
627 2487 752 2560 plerique
776 2500 843 2545 sunt
865 2508 958 2545 rerum
974 2489 1135 2563 scriptores,

171 2565 277 2620 bellum
302 2563 425 2620 maxime
452 2564 580 2620 omnium
608 2565 800 2632 memorabile,
825 2585 888 2640 qua*
909 2585 1034 2640 unquam
1055 2581 1136 2638 gesta

172 2643 237 2711 sint,
253 2662 298 2698 nre
312 2643 503 2716 scripturum3
534 2642 619 2714 quod,
638 2642 799 2698 Hannibale
813 2645 898 2714 duce,
918 2643 1137 2716 Carthaginien·

137 2732 217 2776 oses
240 2740 306 2778 curn
333 2721 435 2794 populo
459 2719 592 2776 Romano
614 2722 735 2794 gessere.
778 2721 854 2777 Nam
879 2741 972 2794 neque
986 2721 1136 2778 validiores

171 2799 272 2873 opibus
287 2799 350 2854 ullae
372 2799 445 2854 inter
468 2817 498 2852 se
519 2798 647 2853 civitates
667 2809 823 2872 gentesque
844 2799 1026 2856 contulerunt
1047 2817 1135 2865 arma,

171 2895 264 2949 neque
280 2877 323 2932 bis
339 2875 405 2948 ipsis
424 2887 533 2932 tantum
559 2889 693 2948 unquam·
705 2877 803 2932 virium
819 2893 868 2932 aut
881 2877 988 2932 roboris
1003 2877 1073 2932 fuit:
1107 2887 1137 2933 et

137 2999 139 3004 .
172 2955 248 3010 haud
264 2953 374 3028 ignotas
389 2953 454 3008 belli
469 2964 543 3008 artes
558 2953 630 3008 inter
644 2970 685 3023 se,
710 2954 759 3009 sed
774 2972 906 3028 expertas
922 2954 1011 3027 primo
1028 2955 1137 3010 Punico

110 3002 154 3089 fl
172 3032 361 3088 conserebant
376 3029 468 3086 bello:
505 3043 533 3086 et
561 3029 631 3085 ederi
652 3031 729 3086 varia
756 3032 821 3088 belli
842 3032 954 3088 fortuna
975 3050 1136 3105 ancepsque

140 3121 164 3160 10
174 3108 253 3164 Mars
268 3109 327 3174 luit,
343 3121 373 3164 ut
387 3106 500 3182 propiris
522 3107 679 3181 pericnlum
695 3107 809 3170 fuerint,
824 3109 871 3182 qui
887 3110 1024 3165 vicerunt.
1067 3109 1138 3165 Odi·

173 3186 198 3242 is
211 3186 297 3241 etiam
312 3185 398 3259 propri
422 3185 573 3260 majoribus
596 3189 748 3256 cert'runt,
772 3189 856 3260 quam
872 3187 996 3257 viribus:
1031 3188 1138 3244 Rorna-

173 3263 224 3320 nis¹
245 3261 470 3335 indignantibus,
505 3261 578 3336 qutd
614 3263 767 3320 victoribus
795 3265 861 3320 victi
894 3265 966 3320 ultro
1000 3265 1138 3321 inferrent

174 3360 269 3408 arma;
292 3341 397 3404 PoeniS,
412 3339 485 3414 quid
500 3341 620 3413 sup'orbe
635 3341 772 3414 avareque
787 3343 936 3398 crederent
949 3343 1137 3416 imperitatum

175 3419 256 3474 victis
270 3437 342 3475 esse.
384 3417 473 3474 Fama
488 3419 572 3474 etiam
587 3433 639 3481 est,
667 3419 869 3485 Hannibalem,
895 3437 1033 3476 annorum
1051 3421 1138 3476 ferme

95 3520 116 3578 q
128 3509 287 3572 sonorem,
302 3497 445 3571 pueriliter
460 3496 651 3555 blandientem
667 3498 737 3570 patri
755 3497 921 3566 Hamilcari,
940 3511 970 3554 ut
985 3500 1138 3554 duceretur

114 3590 133 3648 ,t
176 3576 205 3632 in
232 3575 410 3648 Hispaniam,
432 3593 530 3648 quum,
547 3575 673 3647 perfecto
695 3575 794 3632 Africo
820 3575 902 3640 bello,
924 3577 1080 3632 exercitum
1102 3574 1138 3632 ed

95 3664 110 3728 ¹t
133 3652 139 3671 ‘
175 3653 345 3728 trajectarus
359 3653 541 3716 sacrificaret,
555 3652 688 3707 altaribus
700 3654 855 3724 admotum,
870 3653 952 3709 tactis
964 3654 1139 3727 sacrisjlrre-
1173 3717 1177 3730 Ι

175 3731 297 3806 jurando
310 3731 454 3802 adactum,
466 3747 509 3800 se,
522 3747 609 3802 quum
624 3729 744 3802 primdm
769 3748 871 3804 posset,
894 3733 1003 3788 hostem
1018 3731 1076 3787 lore
1091 3750 1140 3804 po·
1152 3717 1174 3767 '¹‘
