2630 4228
490 316 595 382 LIBER
611 317 683 368 XXI.
713 327 827 370 namra.
1083 315 1141 377 167

175 461 309 540 ancipitis
323 461 473 520 sententiae
487 461 516 518 in
532 481 562 518 se
576 477 676 518 omnes
700 460 895 525 convertisset,
916 456 1061 516 “Florem
1074 470 1142 517 aeta-
1173 446 1189 525 l,

175 544 268 616 “tis,”
286 543 387 616 inquit,
401 545 420 576 “
434 541 606 606 Hasdrubal,
621 559 705 613 quem
721 541 781 615 ipse
804 538 875 614 patri
899 537 1070 594 Hannibalis
1085 538 1156 596 fru·'
1190 553 1197 560 ·

175 621 309 678 “endum
326 621 456 695 praebuit,
467 619 618 694 justojure
633 637 732 677 eume
753 618 811 674 lilio
834 617 923 690 repeti
944 627 1060 674 conset:
1089 636 1142 674 nos

175 699 194 732 “
205 715 299 759 tamen
316 700 432 756 minime
446 700 540 768 decet,
552 699 730 772 juventutem
755 707 879 754 nostram
905 713 954 770 pro
968 695 1082 751 militari
1096 713 1143 750 ru·
1183 708 1186 729 ¹

153 779 194 828 ⁵“
204 779 331 835 dimento
345 777 524 838 assuefacere
539 775 650 832 libidini
666 786 826 868 praetorum.
869 775 916 830 Αιι
933 775 987 830 lroc
998 774 1148 843 timemus,¹

175 860 240 913 “ne
256 857 428 912 Hamilcaris
442 855 559 910 filius
532 854 617 910 nimis
630 851 694 909 seru
705 853 836 942 ..imperia
854 851 1008 908 immodica
1022 863 1050 908 et
1061 852 1143 926 regni
1187 858 1206 938 J'

175 935 313 1010 “paterni
328 935 453 1008 speciem
468 933 583 992 videatl
613 944 642 988 et
644 932 748 1020 ,crrjus
734 931 837 1006 regis
850 949 958 1006 genero
973 929 1144 986 haereditarii

175 1017 195 1049 “
204 1015 304 1070 sint
274 1013 365 1069 relicti
380 1011 523 1068 exercitus
537 1009 636 1076 nostri,
649 1011 713 1085 ejus
732 1011 790 1067 filio
803 1029 904 1084 parum
918 1011 1027 1066 rnatunl
1042 1008 1145 1064 servia·
1165 1032 1172 1072 ,r

176 1095 194 1127 “
205 1093 291 1149 muel
331 1089 425 1166 Ego,
419 1102 502 1146 rstrrm
515 1089 649 1164 juvenem
664 1089 741 1146 domi
763 1088 930 1176 tenendum,
956 1088 1010 1143 sub
1024 1087 1144 1161 legibus,

206 1171 258 1228 sub
274 1169 484 1244 magistratibus
498 1168 660 1224 docendum
682 1167 776 1222 vivere
798 1185 889 1254 aequo
898 1165 962 1240 jure
981 1184 1047 1221 cum
1063 1176 1147 1221 caete·

205 1251 253 1317 ris,
268 1265 388 1304 censeo:
417 1265 454 1302 ne
457 1245 638 1349 quandoque
652 1261 756 1317 parvus
769 1243 838 1300 hic'
831 1243 907 1318 ignis
921 1243 1110 1300 incendium
1103 1261 1147 1299 rn-

175 1331 195 1363 “
205 1346 278 1404 gens
291 1323 476 1382 exsuscitetff'

177 1485 270 1542 ·.IV
268 1463 391 1555 'Pauca
406 1501 441 1540 ac
455 1482 544 1540 ferme
558 1480 683 1556 optimus
703 1480 831 1555 quisque,
852 1478 989 1537 Hannoni
1011 1479 1148 1536 assentie-

176 1565 299 1620 bantur.
321 1564 370 1618 sed
386 1561 431 1636 (ut
446 1561 611 1638 plerumque
633 1559 681 1637 fit)
705 1560 793 1649 major
818 1578 883 1636 pers
907 1559 1053 1615 meliorem
1068 1557 1146 1614 vicit.

142 1643 284 1700 ¹⁵Missus
310 1639 477 1697 Hannibal
471 1659 500 1695 ιιι
524 1638 693 1712 Hispaniam
716 1639 807 1712 primo
830 1637 924 1694 statim
950 1637 1148 1693 adventuum

176 1739 244 1778 nem
259 1719 417 1776 exercitum
432 1719 461 1774 in
476 1735 506 1774 se
521 1717 669 1773 convertit.
713 1715 939 1777 Hamilcarem
922 1733 1063 1805 Juvenern
1084 1714 1149 1770 red·

176 1801 268 1856 ditum
283 1798 337 1853 sibi
352 1809 460 1852 veteres
473 1795 577 1851 milites
591 1795 725 1862 credere;
755 1795 888 1852 eumdem
904 1795 1028 1883 vigorem
1043 1794 1072 1849 in
1087 1793 1148 1848 vul-

176 1889 217 1943 tu,
233 1878 346 1950 vimque
370 1875 399 1930 in
413 1873 514 1940 oculis,
534 1874 662 1929 habiturn
677 1873 742 1943 oris,
769 1873 998 1946 lineamentaque
1021 1871 1147 1928 intueri:

176 1953 456 2019 deinbreviell'ecit,
481 1963 512 2008 ut
536 1963 636 2054 pater
641 1952 670 2007 in
695 1971 726 2008 se
750 1951 900 2008 minimum
921 1962 1096 2006 momentum
1111 1951 1148 2006 ad
1207 2003 1209 2011 ,

140 2034 300 2090 2⁰l'avorem
316 2031 530 2100 conciliandum
545 2021 636 2086 esset.
671 2029 860 2104 Nunquam'
854 2029 1002 2105 ingenium
1019 2029 1095 2084 idem
1111 2029 1147 2084 ad

176 2131 222 2168 res
246 2111 462 2174 diversissimas,
490 2109 647 2182 parendum
676 2119 760 2182 atque
787 2107 996 2184 imperandum,
1026 2107 1149 2163 lrabilius

176 2191 250 2256 suit3
273 2191 367 2261 itaque
383 2187 457 2252 haud
473 2184 557 2242 facile
572 2187 753 2259 decerneres,
768 2185 862 2243 utrum
874 2185 1047 2261 imperatori,
1057 2204 1092 2240 an
1102 2203 1150 2241 ex·

176 2268 289 2332 ercitui‚
315 2266 407 2324 carior
428 2275 522 2321 esset:
558 2283 651 2338 neque
680 2266 842 2322 Hasdrubal
870 2265 955 2321 aliurn
977 2283 1148 2338 quemquern

176 2346 322 2420 praelicere
338 2344 431 2409 malle,
448 2344 496 2399 ubi
510 2341 576 2416 qnid
593 2343 700 2400 fortiter
715 2363 749 2400 ac
764 2345 879 2401 strenue
894 2343 1037 2418 agendum
1054 2353 1148 2411 esset3

141 2422 547 2498 1α’·ἰιιιιιιιιοιιιίΙίῑιιειΙίοιιιιιιιι
573 2421 637 2495 plus
651 2422 805 2494 confidere,
829 2433 878 2480 aut
901 2423 1016 2478 audere.
1059 2421 1151 2478 Pluri-

178 2519 257 2558 mum
272 2501 400 2558 audaciae
415 2500 450 2556 ad
465 2499 592 2574 pericula
605 2502 792 2574 capessenda,
812 2501 964 2576 plurimum
980 2500 1092 2557 consilii
1107 2501 1151 2556 in-

179 2593 221 2636 ter
236 2581 295 2653 ipsa
310 2579 437 2654 pericula
450 2588 528 2634 erat:
550 2577 628 2634 nullo
643 2579 737 2636 labore
761 2590 811 2636 aut
833 2598 936 2653 corpus
958 2578 1082 2652 fatigari,
1098 2588 1150 2635 aut·

179 2659 293 2714 animus
320 2657 396 2712 vinci
420 2656 707 2730 poteratS'lCaloris
731 2676 765 2713 ac
787 2658 898 2732 frigoris
919 2657 1058 2731 patientia
1080 2675 1149 2730 par:

178 2737 237 2792 cibi
253 2735 429 2810 potionisque
437 2734 581 2791 desiderio
596 2735 726 2806 naturali,
741 2754 799 2792 uon
811 2735 963 2809 voluptate,
979 2735 1081 2790 modus
1089 2735 1152 2791 lini-

144 2823 170 2862 ³0
179 2826 242 2871 tus:
257 2814 417 2889 vigiliarum
429 2813 577 2886 somnique
587 2831 642 2868 nec
651 2814 698 2868 die
710 2832 764 2869 nec
777 2824 861 2870 nocte
872 2813 1069 2869 discriminata
1080 2825 1152 2869 tem·

180 2911 256 2967 pora.
279 2892 323 2956 ld,
333 2892 407 2964 quod
417 2891 551 2965 gerendis
561 2892 644 2947 rebus
653 2903 822 2964 superesset,
831 2892 919 2966 quieti
931 2891 1044 2947 datum:
1059 2909 1092 2947 ea
1102 2909 1152 2948 ne·

180 2990 235 3045 que
245 2969 320 3026 molli
333 2981 429 3034 strato,
445 2987 537 3041 neque
547 2969 660 3024 silentio
672 2970 814 3026 arcessita.
851 2969 937 3026 Multi
947 2987 1021 3042 sepe
1038 2969 1152 3026 militari

180 3049 280 3119 sagulo
293 3059 432 3121 opertum,
449 3046 528 3101 humi
551 3046 694 3122 jacentem
710 3047 783 3104 inter
798 3049 943 3118 custodias
957 3047 1152 3122 stationesque
1212 3105 1215 3110 ,

181 3127 312 3194 militum¹
327 3135 546 3199 conspexerunt.
590 3123 717 3180 Vestitus
732 3125 802 3181 nihil
818 3127 891 3182 inter
912 3126 1034 3200 aequales
1058 3127 1154 3183 excel-

145 3205 260 3261 ³⁵lens=
283 3215 452 3277 armantque
461 3203 525 3276 equi
535 3203 795 3276 conspiciebantur.
819 3203 956 3277 Equitum
968 3205 1153 3280 peditumque

182 3284 258 3339 idem
271 3281 356 3357 longe
372 3284 480 3355 primus
493 3293 573 3337 erat:
594 3281 728 3355 princeps
744 3280 772 3337 in
787 3283 917 3356 proelium
933 3284 1010 3340 ibat:
1036 3284 1153 3340 ultimus

182 3372 315 3418 conserto
328 3360 427 3434 proelio
441 3359 610 3416 excedebat.
653 3359 715 3415 Has
730 3372 823 3417 tantas
837 3359 888 3418 viri
911 3361 1029 3422 virffles
1054 3362 1154 3436 iugen-
1214 3408 1216 3414 ,

183 3440 222 3496 tia
250 3439 316 3496 vitia
348 3439 520 3512 aequabant;
555 3438 712 3494 inhumana
745 3440 907 3511 crudelitas,
939 3440 1058 3515 pertidia
1091 3441 1153 3514 plns
1250 3431 1254 3439 ¹

183 3520 266 3593 quam
284 3517 404 3582 Punica,
421 3518 490 3573 nilril
506 3518 575 3588 veri,
600 3517 671 3572 nihil
693 3519 794 3590 sancti,
817 3519 914 3575 nullus
940 3519 1031 3575 Delam
1048 3530 1152 3584 metus,

148 3597 295 3652 conullum
314 3597 524 3670 jusjurandum,
547 3595 625 3652 nulla
645 3597 753 3673 religio.
808 3597 882 3654 Cum
905 3599 960 3653 bac
982 3598 1077 3654 indole
1100 3597 1154 3651 vir-

183 3687 276 3732 tutum
292 3685 376 3747 atque
398 3675 528 3731 vitiorum
556 3676 681 3734 triennio
705 3678 758 3733 sub
782 3676 962 3733 Hasdrubale
984 3676 1153 3749 imperatore

185 3754 299 3818 meruit,
316 3753 393 3809 nulla
408 3773 448 3819 re,
462 3773 525 3850 quae
540 3754 652 3831 agenda
667 3757 844 3829 videndaque
859 3773 962 3830 magno
978 3755 1072 3812 loturo
1085 3751 1154 3808 duci

185 3843 270 3899 esset,
286 3832 484 3906 praetermissa.

330 3902 734 3978 ,wstordffis‘
981 3966 985 3975 Ι

848 3978 1024 4010 ι,]’

407 4179 412 4186 Ι
439 4165 469 4178 Ι..
