<?xml version="1.0" encoding="UTF-8"?>
<!DOCTYPE html PUBLIC "-//W3C//DTD XHTML 1.0 Transitional//EN"
    "http://www.w3.org/TR/xhtml1/DTD/xhtml1-transitional.dtd">
<html xmlns="http://www.w3.org/1999/xhtml" xml:lang="en" lang="en">
 <head>
  <title>
</title>
<meta http-equiv="Content-Type" content="text/html;charset=utf-8" />
  <meta name='ocr-system' content='tesseract 3.04.00' />
  <meta name='ocr-capabilities' content='ocr_page ocr_carea ocr_par ocr_line ocrx_word'/>
</head>
<body>
  <div class='ocr_page' id='page_1' title='image "./historiarumetse01livygoog_0212.png"; bbox 0 0 2620 4220; ppageno 0'>
   <div class='ocr_carea' id='block_1_1' title="bbox 476 381 1144 444">
    <p class='ocr_par' dir='ltr' id='par_1_1' title="bbox 476 381 1144 444">
     <span class='ocr_line' id='line_1_1' title="bbox 476 381 1144 444; baseline 0.001 -12"><span class='ocrx_word' id='word_1_1' title='bbox 476 381 583 433; x_wconf 82' lang='lat' dir='ltr'>LIBER</span> <span class='ocrx_word' id='word_1_2' title='bbox 598 381 684 433; x_wconf 85' lang='lat' dir='ltr'>XXII.</span> <span class='ocrx_word' id='word_1_3' title='bbox 717 396 845 434; x_wconf 71' lang='lat' dir='ltr'>caneri.</span> <span class='ocrx_word' id='word_1_4' title='bbox 1087 383 1144 444; x_wconf 81' lang='grc'>199</span> 
     </span>
    </p>
   </div>
   <div class='ocr_carea' id='block_1_2' title="bbox 181 522 1148 816">
    <p class='ocr_par' dir='ltr' id='par_1_2' title="bbox 181 522 1148 816">
     <span class='ocr_line' id='line_1_2' title="bbox 182 522 1148 601; baseline -0.001 -19"><span class='ocrx_word' id='word_1_5' title='bbox 182 522 336 601; x_wconf 80' lang='lat' dir='ltr'>vectigales</span> <span class='ocrx_word' id='word_1_6' title='bbox 349 541 384 581; x_wconf 91' lang='lat' dir='ltr'>ac</span> <span class='ocrx_word' id='word_1_7' title='bbox 405 523 605 598; x_wconf 88' lang='lat' dir='ltr'>stipendiarios</span> <span class='ocrx_word' id='word_1_8' title='bbox 625 525 686 583; x_wconf 87' lang='lat' dir='ltr'>ficri</span> <span class='ocrx_word' id='word_1_9' title='bbox 700 545 731 582; x_wconf 86' lang='lat' dir='ltr'>se</span> <span class='ocrx_word' id='word_1_10' title='bbox 752 525 827 600; x_wconf 86' lang='lat' dir='ltr'>pessi</span> <span class='ocrx_word' id='word_1_11' title='bbox 841 525 928 582; x_wconf 87' lang='lat' dir='ltr'>suntl</span> <span class='ocrx_word' id='word_1_12' title='bbox 956 534 1005 582; x_wconf 90' lang='lat' dir='ltr'>aut</span> <span class='ocrx_word' id='word_1_13' title='bbox 1017 541 1148 599; x_wconf 74' lang='lat' dir='ltr'>pugnant</span> 
     </span>
     <span class='ocr_line' id='line_1_3' title="bbox 182 601 1143 678; baseline 0.001 -18"><span class='ocrx_word' id='word_1_14' title='bbox 182 604 330 660; x_wconf 85' lang='lat' dir='ltr'>adversam</span> <span class='ocrx_word' id='word_1_15' title='bbox 343 602 374 659; x_wconf 90' lang='lat' dir='ltr'>iu</span> <span class='ocrx_word' id='word_1_16' title='bbox 389 601 499 670; x_wconf 75' lang='lat' dir='ltr'>Africa,</span> <span class='ocrx_word' id='word_1_17' title='bbox 515 603 562 660; x_wconf 92' lang='lat' dir='ltr'>cui</span> <span class='ocrx_word' id='word_1_18' title='bbox 577 614 675 678; x_wconf 90' lang='lat' dir='ltr'>postea</span> <span class='ocrx_word' id='word_1_19' title='bbox 685 604 733 660; x_wconf 91' lang='lat' dir='ltr'>hic</span> <span class='ocrx_word' id='word_1_20' title='bbox 744 603 804 678; x_wconf 86' lang='lat' dir='ltr'>ipsc</span> <span class='ocrx_word' id='word_1_21' title='bbox 816 603 961 660; x_wconf 81' lang='lat' dir='ltr'>Hannibal</span> <span class='ocrx_word' id='word_1_22' title='bbox 973 605 1143 662; x_wconf 87' lang='lat' dir='ltr'>succubuitl</span> 
     </span>
     <span class='ocr_line' id='line_1_4' title="bbox 181 681 1144 816; baseline 0.003 -80"><span class='ocrx_word' id='word_1_23' title='bbox 181 681 404 816; x_wconf 57' lang='lat' dir='ltr'>paqlaeldsqqtparte</span> <span class='ocrx_word' id='word_1_24' title='bbox 418 681 616 756; x_wconf 81' lang='lat' dir='ltr'>comparandae</span> <span class='ocrx_word' id='word_1_25' title='bbox 638 691 714 748; x_wconf 90' lang='lat' dir='ltr'>sunt,</span> <span class='ocrx_word' id='word_1_26' title='bbox 736 681 792 738; x_wconf 90' lang='lat' dir='ltr'>nisi</span> <span class='ocrx_word' id='word_1_27' title='bbox 814 681 891 757; x_wconf 83' lang='lat' dir='ltr'>qudd</span> <span class='ocrx_word' id='word_1_28' title='bbox 915 681 1023 795; x_wconf 87' lang='lat' dir='ltr'>minore</span> <span class='ocrx_word' id='word_1_29' title='bbox 1048 683 1144 739; x_wconf 85' lang='lat' dir='ltr'>animo</span> 
     </span>
    </p>
   </div>
   <div class='ocr_carea' id='block_1_3' title="bbox 126 911 1152 3018">
    <p class='ocr_par' dir='ltr' id='par_1_3' title="bbox 160 911 1146 1305">
     <span class='ocr_line' id='line_1_5' title="bbox 160 911 1145 992; baseline -0.002 -16"><span class='ocrx_word' id='word_1_30' title='bbox 160 937 173 976; x_wconf 83' lang='lat' dir='ltr'>s</span> <span class='ocrx_word' id='word_1_31' title='bbox 204 913 290 972; x_wconf 58' lang='lat' dir='ltr'>nv:</span> <span class='ocrx_word' id='word_1_32' title='bbox 306 913 338 972; x_wconf 92' lang='lat' dir='ltr'>P.</span> <span class='ocrx_word' id='word_1_33' title='bbox 347 911 452 972; x_wconf 82' lang='lat' dir='ltr'>Furius</span> <span class='ocrx_word' id='word_1_34' title='bbox 460 913 559 972; x_wconf 88' lang='lat' dir='ltr'>Philus</span> <span class='ocrx_word' id='word_1_35' title='bbox 568 924 597 972; x_wconf 90' lang='lat' dir='ltr'>et</span> <span class='ocrx_word' id='word_1_36' title='bbox 607 913 909 990; x_wconf 88' lang='lat' dir='ltr'>ManiusPomponius</span> <span class='ocrx_word' id='word_1_37' title='bbox 919 926 1053 992; x_wconf 77' lang='lat' dir='ltr'>praetores</span> <span class='ocrx_word' id='word_1_38' title='bbox 1064 936 1145 974; x_wconf 86' lang='lat' dir='ltr'>sena·</span> 
     </span>
     <span class='ocr_line' id='line_1_6' title="bbox 182 993 1145 1065; baseline 0.003 -16"><span class='ocrx_word' id='word_1_39' title='bbox 182 1002 242 1050; x_wconf 86' lang='lat' dir='ltr'>tum</span> <span class='ocrx_word' id='word_1_40' title='bbox 256 993 287 1048; x_wconf 90' lang='lat' dir='ltr'>in</span> <span class='ocrx_word' id='word_1_41' title='bbox 301 993 409 1049; x_wconf 89' lang='lat' dir='ltr'>curiam</span> <span class='ocrx_word' id='word_1_42' title='bbox 425 993 578 1054; x_wconf 79' lang='lat' dir='ltr'><strong>Hostiliam</strong></span> <span class='ocrx_word' id='word_1_43' title='bbox 603 1003 784 1065; x_wconf 84' lang='lat' dir='ltr'>vocaverunt,</span> <span class='ocrx_word' id='word_1_44' title='bbox 812 1003 843 1050; x_wconf 90' lang='lat' dir='ltr'>ut</span> <span class='ocrx_word' id='word_1_45' title='bbox 866 995 906 1051; x_wconf 89' lang='lat' dir='ltr'>de</span> <span class='ocrx_word' id='word_1_46' title='bbox 923 994 1001 1051; x_wconf 90' lang='lat' dir='ltr'>urbis</span> <span class='ocrx_word' id='word_1_47' title='bbox 1016 997 1145 1052; x_wconf 76' lang='lat' dir='ltr'>custodia</span> 
     </span>
     <span class='ocr_line' id='line_1_7' title="bbox 182 1069 1146 1144; baseline 0.005 -18"><span class='ocrx_word' id='word_1_48' title='bbox 182 1071 380 1128; x_wconf 77' lang='lat' dir='ltr'>consulerent:</span> <span class='ocrx_word' id='word_1_49' title='bbox 402 1071 580 1144; x_wconf 84' lang='lat' dir='ltr'>nequeenim</span> <span class='ocrx_word' id='word_1_50' title='bbox 590 1069 767 1138; x_wconf 89' lang='lat' dir='ltr'>dubitabant,</span> <span class='ocrx_word' id='word_1_51' title='bbox 780 1071 881 1129; x_wconf 90' lang='lat' dir='ltr'>deletis</span> <span class='ocrx_word' id='word_1_52' title='bbox 891 1073 1073 1144; x_wconf 66' lang='lat' dir='ltr'>exercitibus,</span> <span class='ocrx_word' id='word_1_53' title='bbox 1083 1074 1146 1131; x_wconf 89' lang='lat' dir='ltr'>hos·</span> 
     </span>
     <span class='ocr_line' id='line_1_8' title="bbox 182 1147 1146 1226; baseline 0.004 -22"><span class='ocrx_word' id='word_1_54' title='bbox 182 1158 239 1204; x_wconf 91' lang='lat' dir='ltr'>tem</span> <span class='ocrx_word' id='word_1_55' title='bbox 254 1147 290 1204; x_wconf 93' lang='lat' dir='ltr'>ad</span> <span class='ocrx_word' id='word_1_56' title='bbox 304 1149 525 1224; x_wconf 87' lang='lat' dir='ltr'>oppugnandam</span> <span class='ocrx_word' id='word_1_57' title='bbox 551 1149 685 1214; x_wconf 86' lang='lat' dir='ltr'>Romam,</span> <span class='ocrx_word' id='word_1_58' title='bbox 700 1150 775 1223; x_wconf 92' lang='lat' dir='ltr'>quod</span> <span class='ocrx_word' id='word_1_59' title='bbox 790 1169 879 1207; x_wconf 91' lang='lat' dir='ltr'>unum</span> <span class='ocrx_word' id='word_1_60' title='bbox 892 1170 964 1226; x_wconf 92' lang='lat' dir='ltr'>opus</span> <span class='ocrx_word' id='word_1_61' title='bbox 977 1150 1044 1207; x_wconf 90' lang='lat' dir='ltr'>belli</span> <span class='ocrx_word' id='word_1_62' title='bbox 1059 1163 1146 1208; x_wconf 91' lang='lat' dir='ltr'>resta·</span> 
     </span>
     <span class='ocr_line' id='line_1_9' title="bbox 182 1226 1145 1305; baseline 0.005 -23"><span class='ocrx_word' id='word_1_63' title='bbox 182 1238 235 1298; x_wconf 88' lang='lat' dir='ltr'>ret,</span> <span class='ocrx_word' id='word_1_64' title='bbox 256 1237 423 1289; x_wconf 51' lang='lat' dir='ltr'>venturum..</span> <span class='ocrx_word' id='word_1_65' title='bbox 440 1226 558 1295; x_wconf 25' lang='lat' dir='ltr'>,Quum</span> <span class='ocrx_word' id='word_1_66' title='bbox 573 1227 603 1282; x_wconf 88' lang='lat' dir='ltr'>in</span> <span class='ocrx_word' id='word_1_67' title='bbox 618 1227 710 1294; x_wconf 88' lang='lat' dir='ltr'>malis,</span> <span class='ocrx_word' id='word_1_68' title='bbox 735 1227 809 1284; x_wconf 89' lang='lat' dir='ltr'>siout</span> <span class='ocrx_word' id='word_1_69' title='bbox 822 1228 996 1304; x_wconf 83' lang='lat' dir='ltr'>ingentibus,</span> <span class='ocrx_word' id='word_1_70' title='bbox 1011 1229 1051 1286; x_wconf 92' lang='lat' dir='ltr'>ita</span> <span class='ocrx_word' id='word_1_71' title='bbox 1066 1229 1145 1305; x_wconf 89' lang='lat' dir='ltr'>igno·</span> 
     </span>
    </p>

    <p class='ocr_par' dir='ltr' id='par_1_4' title="bbox 149 1304 1146 1694">
     <span class='ocr_line' id='line_1_10' title="bbox 149 1304 1145 1382; baseline 0.004 -22"><span class='ocrx_word' id='word_1_72' title='bbox 149 1304 228 1374; x_wconf 86' lang='lat' dir='ltr'>rotis,</span> <span class='ocrx_word' id='word_1_73' title='bbox 255 1323 293 1360; x_wconf 88' lang='lat' dir='ltr'>ne</span> <span class='ocrx_word' id='word_1_74' title='bbox 313 1305 465 1362; x_wconf 85' lang='lat' dir='ltr'>consilium</span> <span class='ocrx_word' id='word_1_75' title='bbox 485 1305 602 1378; x_wconf 90' lang='lat' dir='ltr'>quidem</span> <span class='ocrx_word' id='word_1_76' title='bbox 624 1305 691 1362; x_wconf 88' lang='lat' dir='ltr'>satis</span> <span class='ocrx_word' id='word_1_77' title='bbox 719 1306 894 1380; x_wconf 85' lang='lat' dir='ltr'>expedirent,</span> <span class='ocrx_word' id='word_1_78' title='bbox 915 1307 1145 1382; x_wconf 82' lang='lat' dir='ltr'>obstreperetque</span> 
     </span>
     <span class='ocr_line' id='line_1_11' title="bbox 183 1381 1144 1460; baseline 0.004 -22"><span class='ocrx_word' id='word_1_79' title='bbox 183 1381 290 1440; x_wconf 87' lang='lat' dir='ltr'>clamor</span> <span class='ocrx_word' id='word_1_80' title='bbox 316 1383 533 1440; x_wconf 77' lang='lat' dir='ltr'>lamentantium</span> <span class='ocrx_word' id='word_1_81' title='bbox 555 1383 715 1450; x_wconf 82' lang='lat' dir='ltr'>mulierum,</span> <span class='ocrx_word' id='word_1_82' title='bbox 737 1395 775 1455; x_wconf 89' lang='lat' dir='ltr'>et,</span> <span class='ocrx_word' id='word_1_83' title='bbox 796 1385 924 1442; x_wconf 91' lang='lat' dir='ltr'>nondum</span> <span class='ocrx_word' id='word_1_84' title='bbox 944 1384 1038 1460; x_wconf 70' lang='lat' dir='ltr'>palam</span> <span class='ocrx_word' id='word_1_85' title='bbox 1059 1385 1144 1453; x_wconf 83' lang='lat' dir='ltr'>lacto,</span> 
     </span>
     <span class='ocr_line' id='line_1_12' title="bbox 182 1459 1146 1538; baseline 0.005 -23"><span class='ocrx_word' id='word_1_86' title='bbox 182 1459 237 1516; x_wconf 85' lang='lat' dir='ltr'>vivi</span> <span class='ocrx_word' id='word_1_87' title='bbox 252 1461 412 1535; x_wconf 88' lang='lat' dir='ltr'>mortuique</span> <span class='ocrx_word' id='word_1_88' title='bbox 425 1479 474 1536; x_wconf 89' lang='lat' dir='ltr'>per</span> <span class='ocrx_word' id='word_1_89' title='bbox 487 1479 587 1518; x_wconf 88' lang='lat' dir='ltr'>omnes</span> <span class='ocrx_word' id='word_1_90' title='bbox 601 1479 683 1536; x_wconf 83' lang='lat' dir='ltr'>paene</span> <span class='ocrx_word' id='word_1_91' title='bbox 697 1462 796 1518; x_wconf 90' lang='lat' dir='ltr'>domos</span> <span class='ocrx_word' id='word_1_92' title='bbox 809 1463 969 1536; x_wconf 69' lang='lat' dir='ltr'>promiscue</span> <span class='ocrx_word' id='word_1_93' title='bbox 990 1463 1146 1538; x_wconf 83' lang='lat' dir='ltr'>complora-</span> 
     </span>
     <span class='ocr_line' id='line_1_13' title="bbox 182 1538 1146 1617; baseline 0.003 -22"><span class='ocrx_word' id='word_1_94' title='bbox 182 1548 299 1608; x_wconf 91' lang='lat' dir='ltr'>rentur;</span> <span class='ocrx_word' id='word_1_95' title='bbox 320 1549 381 1595; x_wconf 91' lang='lat' dir='ltr'>tum</span> <span class='ocrx_word' id='word_1_96' title='bbox 394 1538 435 1600; x_wconf 80' lang='lat' dir='ltr'>Q.</span> <span class='ocrx_word' id='word_1_97' title='bbox 451 1538 558 1595; x_wconf 84' lang='lat' dir='ltr'>Fabius</span> <span class='ocrx_word' id='word_1_98' title='bbox 573 1539 851 1611; x_wconf 60' lang='lat' dir='ltr'>Maximusxcensuit,</span> <span class='ocrx_word' id='word_1_99' title='bbox 874 1539 1014 1615; x_wconf 86' lang='lat' dir='ltr'>“equites</span> <span class='ocrx_word' id='word_1_100' title='bbox 1032 1541 1146 1617; x_wconf 82' lang='lat' dir='ltr'>expedi·</span> 
     </span>
     <span class='ocr_line' id='line_1_14' title="bbox 184 1617 1146 1694; baseline 0.002 -21"><span class='ocrx_word' id='word_1_101' title='bbox 184 1625 203 1651; x_wconf 88' lang='grc'>“</span> <span class='ocrx_word' id='word_1_102' title='bbox 213 1626 256 1674; x_wconf 90' lang='lat' dir='ltr'>tos</span> <span class='ocrx_word' id='word_1_103' title='bbox 266 1621 305 1673; x_wconf 86' lang='lat' dir='ltr'>¹et</span> <span class='ocrx_word' id='word_1_104' title='bbox 326 1617 421 1692; x_wconf 71' lang='lat' dir='ltr'>Appiis</span> <span class='ocrx_word' id='word_1_105' title='bbox 442 1627 471 1674; x_wconf 91' lang='lat' dir='ltr'>et</span> <span class='ocrx_word' id='word_1_106' title='bbox 491 1617 596 1674; x_wconf 72' lang='lat' dir='ltr'>Latini:</span> <span class='ocrx_word' id='word_1_107' title='bbox 609 1617 654 1674; x_wconf 73' lang='lat' dir='ltr'>vis</span> <span class='ocrx_word' id='word_1_108' title='bbox 668 1618 831 1690; x_wconf 88' lang='lat' dir='ltr'>mittendos,</span> <span class='ocrx_word' id='word_1_109' title='bbox 845 1619 903 1692; x_wconf 92' lang='lat' dir='ltr'>qui,</span> <span class='ocrx_word' id='word_1_110' title='bbox 917 1619 1014 1676; x_wconf 87' lang='lat' dir='ltr'>obvios</span> <span class='ocrx_word' id='word_1_111' title='bbox 1027 1637 1146 1694; x_wconf 88' lang='lat' dir='ltr'>percon·</span> 
     </span>
    </p>

    <p class='ocr_par' dir='ltr' id='par_1_5' title="bbox 126 1694 1152 3018">
     <span class='ocr_line' id='line_1_15' title="bbox 150 1694 1145 1772; baseline 0 -18"><span class='ocrx_word' id='word_1_112' title='bbox 150 1695 300 1759; x_wconf 78' lang='lat' dir='ltr'>15⁴‘tandc</span> <span class='ocrx_word' id='word_1_113' title='bbox 321 1695 428 1768; x_wconf 84' lang='lat' dir='ltr'>aliquos</span> <span class='ocrx_word' id='word_1_114' title='bbox 448 1694 589 1770; x_wconf 82' lang='lat' dir='ltr'>profectos</span> <span class='ocrx_word' id='word_1_115' title='bbox 613 1713 648 1751; x_wconf 86' lang='lat' dir='ltr'>ex</span> <span class='ocrx_word' id='word_1_116' title='bbox 670 1695 872 1772; x_wconf 72' lang='lat' dir='ltr'>fugd‚&#39;passim</span> <span class='ocrx_word' id='word_1_117' title='bbox 894 1696 1053 1772; x_wconf 85' lang='lat' dir='ltr'>dissipatos,</span> <span class='ocrx_word' id='word_1_118' title='bbox 1076 1697 1145 1754; x_wconf 81' lang='lat' dir='ltr'>forte</span> 
     </span>
     <span class='ocr_line' id='line_1_16' title="bbox 185 1771 1147 1848; baseline 0.001 -18"><span class='ocrx_word' id='word_1_119' title='bbox 185 1771 347 1842; x_wconf 85' lang='lat' dir='ltr'>“referant,</span> <span class='ocrx_word' id='word_1_120' title='bbox 367 1791 430 1846; x_wconf 80' lang='lat' dir='ltr'>quae</span> <span class='ocrx_word' id='word_1_121' title='bbox 451 1773 564 1830; x_wconf 86' lang='lat' dir='ltr'>fortuna</span> <span class='ocrx_word' id='word_1_122' title='bbox 577 1773 727 1830; x_wconf 89' lang='lat' dir='ltr'>consulum</span> <span class='ocrx_word' id='word_1_123' title='bbox 749 1784 833 1848; x_wconf 86' lang='lat' dir='ltr'>atque</span> <span class='ocrx_word' id='word_1_124' title='bbox 847 1775 1027 1832; x_wconf 77' lang='lat' dir='ltr'>exercituum</span> <span class='ocrx_word' id='word_1_125' title='bbox 1041 1775 1096 1844; x_wconf 89' lang='lat' dir='ltr'>sit;</span> <span class='ocrx_word' id='word_1_126' title='bbox 1118 1785 1147 1832; x_wconf 86' lang='lat' dir='ltr'>ct</span> 
     </span>
     <span class='ocr_line' id='line_1_17' title="bbox 184 1851 1147 1927; baseline 0.002 -19"><span class='ocrx_word' id='word_1_127' title='bbox 184 1859 203 1886; x_wconf 73' lang='lat'>‘²</span> <span class='ocrx_word' id='word_1_128' title='bbox 213 1851 236 1908; x_wconf 89' lang='lat' dir='ltr'>si</span> <span class='ocrx_word' id='word_1_129' title='bbox 250 1851 319 1924; x_wconf 92' lang='lat' dir='ltr'>quid</span> <span class='ocrx_word' id='word_1_130' title='bbox 332 1851 382 1906; x_wconf 90' lang='lat' dir='ltr'>Dii</span> <span class='ocrx_word' id='word_1_131' title='bbox 397 1851 579 1923; x_wconf 88' lang='lat' dir='ltr'>immortales,</span> <span class='ocrx_word' id='word_1_132' title='bbox 593 1851 712 1908; x_wconf 84' lang='lat' dir='ltr'>miseriti</span> <span class='ocrx_word' id='word_1_133' title='bbox 724 1851 844 1927; x_wconf 90' lang='lat' dir='ltr'>imperii,</span> <span class='ocrx_word' id='word_1_134' title='bbox 859 1853 999 1927; x_wconf 90' lang='lat' dir='ltr'>reliquum</span> <span class='ocrx_word' id='word_1_135' title='bbox 1014 1853 1147 1910; x_wconf 86' lang='lat' dir='ltr'>Romano</span> 
     </span>
     <span class='ocr_line' id='line_1_18' title="bbox 184 1928 1147 2006; baseline 0.001 -20"><span class='ocrx_word' id='word_1_136' title='bbox 184 1937 203 1964; x_wconf 92' lang='lat'>“</span> <span class='ocrx_word' id='word_1_137' title='bbox 212 1929 321 1986; x_wconf 90' lang='lat' dir='ltr'>nomini</span> <span class='ocrx_word' id='word_1_138' title='bbox 336 1928 465 1996; x_wconf 88' lang='lat' dir='ltr'>fecerint,</span> <span class='ocrx_word' id='word_1_139' title='bbox 491 1929 540 1986; x_wconf 92' lang='lat' dir='ltr'>ubi</span> <span class='ocrx_word' id='word_1_140' title='bbox 555 1947 597 1986; x_wconf 76' lang='lat' dir='ltr'>eae</span> <span class='ocrx_word' id='word_1_141' title='bbox 611 1930 700 2004; x_wconf 81' lang='lat' dir='ltr'>copiae</span> <span class='ocrx_word' id='word_1_142' title='bbox 714 1930 789 1988; x_wconf 90' lang='lat' dir='ltr'>sint:</span> <span class='ocrx_word' id='word_1_143' title='bbox 810 1928 865 2004; x_wconf 86' lang='lat' dir='ltr'>qud</span> <span class='ocrx_word' id='word_1_144' title='bbox 879 1949 909 1988; x_wconf 89' lang='lat' dir='ltr'>se</span> <span class='ocrx_word' id='word_1_145' title='bbox 924 1931 1071 1987; x_wconf 84' lang='lat' dir='ltr'>Hannibal</span> <span class='ocrx_word' id='word_1_146' title='bbox 1085 1941 1147 2006; x_wconf 86' lang='lat' dir='ltr'>post</span> 
     </span>
     <span class='ocr_line' id='line_1_19' title="bbox 184 2004 1145 2083; baseline 0.001 -20"><span class='ocrx_word' id='word_1_147' title='bbox 184 2007 341 2082; x_wconf 78' lang='lat' dir='ltr'>“proelium</span> <span class='ocrx_word' id='word_1_148' title='bbox 355 2006 535 2064; x_wconf 72' lang='lat' dir='ltr'>contulerit:</span> <span class='ocrx_word' id='word_1_149' title='bbox 557 2004 626 2082; x_wconf 90' lang='lat' dir='ltr'>quid</span> <span class='ocrx_word' id='word_1_150' title='bbox 639 2018 728 2082; x_wconf 88' lang='lat' dir='ltr'>paret,</span> <span class='ocrx_word' id='word_1_151' title='bbox 742 2009 810 2082; x_wconf 90' lang='lat' dir='ltr'>quid</span> <span class='ocrx_word' id='word_1_152' title='bbox 825 2018 900 2083; x_wconf 88' lang='lat' dir='ltr'>agat,</span> <span class='ocrx_word' id='word_1_153' title='bbox 915 2018 1087 2082; x_wconf 85' lang='lat' dir='ltr'>acturusque</span> <span class='ocrx_word' id='word_1_154' title='bbox 1100 2009 1145 2064; x_wconf 88' lang='lat' dir='ltr'>sit.</span> 
     </span>
     <span class='ocr_line' id='line_1_20' title="bbox 148 2080 1146 2162; baseline -0.003 -17"><span class='ocrx_word' id='word_1_155' title='bbox 148 2105 175 2145; x_wconf 74' lang='lat' dir='ltr'>aa</span> <span class='ocrx_word' id='word_1_156' title='bbox 184 2093 203 2121; x_wconf 82' lang='lat'>‘⁸</span> <span class='ocrx_word' id='word_1_157' title='bbox 213 2085 286 2142; x_wconf 86' lang='lat' dir='ltr'>Haec</span> <span class='ocrx_word' id='word_1_158' title='bbox 295 2080 484 2160; x_wconf 71' lang='lat' dir='ltr'>caploranda&#39;</span> <span class='ocrx_word' id='word_1_159' title='bbox 495 2086 697 2160; x_wconf 82' lang='lat' dir='ltr'>noscendaque</span> <span class='ocrx_word' id='word_1_160' title='bbox 721 2105 772 2162; x_wconf 91' lang='lat' dir='ltr'>per</span> <span class='ocrx_word' id='word_1_161' title='bbox 785 2085 920 2161; x_wconf 89' lang='lat' dir='ltr'>impigros</span> <span class='ocrx_word' id='word_1_162' title='bbox 931 2086 1051 2162; x_wconf 86' lang='lat' dir='ltr'>juvenes</span> <span class='ocrx_word' id='word_1_163' title='bbox 1064 2105 1127 2143; x_wconf 89' lang='lat' dir='ltr'>esse</span> <span class='ocrx_word' id='word_1_164' title='bbox 1140 2105 1146 2142; x_wconf 92' lang='lat'>:</span> 
     </span>
     <span class='ocr_line' id='line_1_21' title="bbox 185 2162 1146 2240; baseline 0 -20"><span class='ocrx_word' id='word_1_165' title='bbox 185 2163 282 2220; x_wconf 88' lang='lat' dir='ltr'>“illud</span> <span class='ocrx_word' id='word_1_166' title='bbox 304 2181 354 2238; x_wconf 89' lang='lat' dir='ltr'>per</span> <span class='ocrx_word' id='word_1_167' title='bbox 381 2163 479 2220; x_wconf 84' lang='lat' dir='ltr'>Patres</span> <span class='ocrx_word' id='word_1_168' title='bbox 494 2162 578 2237; x_wconf 69' lang='lat' dir='ltr'>¹ipsos</span> <span class='ocrx_word' id='word_1_169' title='bbox 600 2165 754 2239; x_wconf 86' lang='lat' dir='ltr'>agendum,</span> <span class='ocrx_word' id='word_1_170' title='bbox 775 2165 909 2238; x_wconf 91' lang='lat' dir='ltr'>quoniam</span> <span class='ocrx_word' id='word_1_171' title='bbox 931 2163 1146 2240; x_wconf 83' lang='lat' dir='ltr'>magistratuum</span> 
     </span>
     <span class='ocr_line' id='line_1_22' title="bbox 185 2241 1147 2317; baseline 0 -19"><span class='ocrx_word' id='word_1_172' title='bbox 185 2249 311 2316; x_wconf 86' lang='lat' dir='ltr'>“parum</span> <span class='ocrx_word' id='word_1_173' title='bbox 321 2241 372 2308; x_wconf 89' lang='lat' dir='ltr'>-sit,</span> <span class='ocrx_word' id='word_1_174' title='bbox 388 2251 420 2298; x_wconf 91' lang='lat' dir='ltr'>ut</span> <span class='ocrx_word' id='word_1_175' title='bbox 433 2241 585 2298; x_wconf 87' lang='lat' dir='ltr'>tumultum</span> <span class='ocrx_word' id='word_1_176' title='bbox 600 2261 634 2298; x_wconf 89' lang='lat' dir='ltr'>ac</span> <span class='ocrx_word' id='word_1_177' title='bbox 658 2242 877 2317; x_wconf 89' lang='lat' dir='ltr'>trepidationem</span> <span class='ocrx_word' id='word_1_178' title='bbox 900 2242 929 2298; x_wconf 94' lang='lat' dir='ltr'>in</span> <span class='ocrx_word' id='word_1_179' title='bbox 953 2241 1024 2298; x_wconf 88' lang='lat' dir='ltr'>urbe</span> <span class='ocrx_word' id='word_1_180' title='bbox 1037 2241 1147 2314; x_wconf 86' lang='lat' dir='ltr'>tollant,</span> 
     </span>
     <span class='ocr_line' id='line_1_23' title="bbox 184 2319 1148 2394; baseline 0 -18"><span class='ocrx_word' id='word_1_181' title='bbox 184 2328 356 2376; x_wconf 87' lang='lat' dir='ltr'>“matronas</span> <span class='ocrx_word' id='word_1_182' title='bbox 370 2319 484 2394; x_wconf 90' lang='lat' dir='ltr'>publico</span> <span class='ocrx_word' id='word_1_183' title='bbox 498 2323 625 2390; x_wconf 83' lang='lat' dir='ltr'>arceant,</span> <span class='ocrx_word' id='word_1_184' title='bbox 647 2320 843 2394; x_wconf 84' lang='lat' dir='ltr'>continerique</span> <span class='ocrx_word' id='word_1_185' title='bbox 866 2320 940 2377; x_wconf 88' lang='lat' dir='ltr'>intra</span> <span class='ocrx_word' id='word_1_186' title='bbox 953 2338 1035 2376; x_wconf 88' lang='lat' dir='ltr'>sunm</span> <span class='ocrx_word' id='word_1_187' title='bbox 1050 2337 1148 2394; x_wconf 91' lang='lat' dir='ltr'>quam·</span> 
     </span>
     <span class='ocr_line' id='line_1_24' title="bbox 185 2397 1147 2473; baseline 0 -19"><span class='ocrx_word' id='word_1_188' title='bbox 185 2405 267 2472; x_wconf 85' lang='lat' dir='ltr'>“que</span> <span class='ocrx_word' id='word_1_189' title='bbox 292 2397 379 2454; x_wconf 87' lang='lat' dir='ltr'>limen</span> <span class='ocrx_word' id='word_1_190' title='bbox 408 2408 533 2473; x_wconf 89' lang='lat' dir='ltr'>cogant:</span> <span class='ocrx_word' id='word_1_191' title='bbox 568 2398 758 2472; x_wconf 89' lang='lat' dir='ltr'>comploratus</span> <span class='ocrx_word' id='word_1_192' title='bbox 780 2398 950 2455; x_wconf 78' lang='lat' dir='ltr'>familiarum</span> <span class='ocrx_word' id='word_1_193' title='bbox 971 2401 1147 2455; x_wconf 71' lang='lat' dir='ltr'>coerceant:</span> 
     </span>
     <span class='ocr_line' id='line_1_25' title="bbox 149 2475 1152 2551; baseline 0 -19"><span class='ocrx_word' id='word_1_194' title='bbox 149 2483 203 2537; x_wconf 81' lang='lat' dir='ltr'>ss‘-‘</span> <span class='ocrx_word' id='word_1_195' title='bbox 213 2475 357 2544; x_wconf 83' lang='lat' dir='ltr'>silentium</span> <span class='ocrx_word' id='word_1_196' title='bbox 367 2495 417 2551; x_wconf 92' lang='lat' dir='ltr'>per</span> <span class='ocrx_word' id='word_1_197' title='bbox 439 2476 539 2532; x_wconf 87' lang='lat' dir='ltr'>urbem</span> <span class='ocrx_word' id='word_1_198' title='bbox 565 2475 689 2532; x_wconf 84' lang='lat' dir='ltr'>faciant:</span> <span class='ocrx_word' id='word_1_199' title='bbox 722 2475 1089 2533; x_wconf 86' lang='lat' dir='ltr'>nunticsrerum&#39;omniurn</span> <span class='ocrx_word' id='word_1_200' title='bbox 1111 2475 1152 2532; x_wconf 88' lang='lat' dir='ltr'>ad</span> 
     </span>
     <span class='ocr_line' id='line_1_26' title="bbox 184 2553 1148 2628; baseline -0.002 -18"><span class='ocrx_word' id='word_1_201' title='bbox 184 2562 203 2590; x_wconf 81' lang='lat'>‘⁴</span> <span class='ocrx_word' id='word_1_202' title='bbox 211 2564 343 2628; x_wconf 73' lang='lat' dir='ltr'>pretores</span> <span class='ocrx_word' id='word_1_203' title='bbox 351 2553 537 2610; x_wconf 86' lang='lat' dir='ltr'>deducendos</span> <span class='ocrx_word' id='word_1_204' title='bbox 545 2563 661 2610; x_wconf 87' lang='lat' dir='ltr'>curent:</span> <span class='ocrx_word' id='word_1_205' title='bbox 675 2555 859 2628; x_wconf 83' lang='lat' dir='ltr'>suaequisque</span> <span class='ocrx_word' id='word_1_206' title='bbox 868 2555 988 2618; x_wconf 83' lang='lat' dir='ltr'>fortunae</span> <span class='ocrx_word' id='word_1_207' title='bbox 997 2553 1148 2610; x_wconf 87' lang='lat' dir='ltr'>domiauc·</span> 
     </span>
     <span class='ocr_line' id='line_1_27' title="bbox 126 2632 1147 2706; baseline -0.002 -18"><span class='ocrx_word' id='word_1_208' title='bbox 126 2699 129 2705; x_wconf 25' lang='grc' dir='ltr'>Ι</span> <span class='ocrx_word' id='word_1_209' title='bbox 184 2641 302 2688; x_wconf 85' lang='lat' dir='ltr'>“torem</span> <span class='ocrx_word' id='word_1_210' title='bbox 316 2641 503 2706; x_wconf 86' lang='lat' dir='ltr'>exspectent:</span> <span class='ocrx_word' id='word_1_211' title='bbox 524 2632 713 2706; x_wconf 78' lang='lat' dir='ltr'>custodesque</span> <span class='ocrx_word' id='word_1_212' title='bbox 724 2642 861 2706; x_wconf 81' lang='lat' dir='ltr'>praetcrea</span> <span class='ocrx_word' id='word_1_213' title='bbox 872 2632 907 2687; x_wconf 93' lang='lat' dir='ltr'>ad</span> <span class='ocrx_word' id='word_1_214' title='bbox 922 2641 1017 2706; x_wconf 88' lang='lat' dir='ltr'>portas</span> <span class='ocrx_word' id='word_1_215' title='bbox 1030 2640 1147 2705; x_wconf 88' lang='lat' dir='ltr'>ponant,</span> 
     </span>
     <span class='ocr_line' id='line_1_28' title="bbox 185 2707 1148 2786; baseline -0.002 -21"><span class='ocrx_word' id='word_1_216' title='bbox 185 2709 445 2786; x_wconf 86' lang='lat' dir='ltr'>“qniprohibeant</span> <span class='ocrx_word' id='word_1_217' title='bbox 456 2728 626 2783; x_wconf 90' lang='lat' dir='ltr'>quemquam</span> <span class='ocrx_word' id='word_1_218' title='bbox 649 2710 746 2785; x_wconf 85' lang='lat' dir='ltr'>egredi</span> <span class='ocrx_word' id='word_1_219' title='bbox 770 2709 890 2776; x_wconf 77' lang='lat' dir='ltr'>urbem:</span> <span class='ocrx_word' id='word_1_220' title='bbox 925 2719 1085 2783; x_wconf 87' lang='lat' dir='ltr'>cogantque</span> <span class='ocrx_word' id='word_1_221' title='bbox 1099 2707 1148 2764; x_wconf 90' lang='lat' dir='ltr'>ho·</span> 
     </span>
     <span class='ocr_line' id='line_1_29' title="bbox 184 2785 1148 2859; baseline -0.003 -15"><span class='ocrx_word' id='word_1_222' title='bbox 184 2796 203 2826; x_wconf 87' lang='lat'>‘-‘</span> <span class='ocrx_word' id='word_1_223' title='bbox 212 2787 304 2844; x_wconf 90' lang='lat' dir='ltr'>mines</span> <span class='ocrx_word' id='word_1_224' title='bbox 317 2787 435 2854; x_wconf 82' lang='lat' dir='ltr'>nullam,</span> <span class='ocrx_word' id='word_1_225' title='bbox 451 2788 506 2845; x_wconf 89' lang='lat' dir='ltr'>nisi</span> <span class='ocrx_word' id='word_1_226' title='bbox 521 2788 591 2844; x_wconf 91' lang='lat' dir='ltr'>urbe</span> <span class='ocrx_word' id='word_1_227' title='bbox 613 2806 647 2844; x_wconf 91' lang='lat' dir='ltr'>ac</span> <span class='ocrx_word' id='word_1_228' title='bbox 669 2787 811 2844; x_wconf 89' lang='lat' dir='ltr'>moenibus</span> <span class='ocrx_word' id='word_1_229' title='bbox 834 2786 928 2857; x_wconf 87' lang='lat' dir='ltr'>salvis,</span> <span class='ocrx_word' id='word_1_230' title='bbox 952 2785 1072 2842; x_wconf 85' lang='lat' dir='ltr'>salutem</span> <span class='ocrx_word' id='word_1_231' title='bbox 1088 2802 1148 2859; x_wconf 81' lang='lat' dir='ltr'>spe⁷</span> 
     </span>
     <span class='ocr_line' id='line_1_30' title="bbox 147 2862 1148 2937; baseline -0.007 -12"><span class='ocrx_word' id='word_1_232' title='bbox 147 2887 174 2928; x_wconf 83' lang='lat' dir='ltr'>aa</span> <span class='ocrx_word' id='word_1_233' title='bbox 184 2874 283 2932; x_wconf 81' lang='lat' dir='ltr'>“rare.</span> <span class='ocrx_word' id='word_1_234' title='bbox 322 2865 381 2922; x_wconf 88' lang='lat' dir='ltr'>Ubi</span> <span class='ocrx_word' id='word_1_235' title='bbox 393 2863 565 2937; x_wconf 86' lang='lat' dir='ltr'>conticuerit</span> <span class='ocrx_word' id='word_1_236' title='bbox 578 2865 728 2932; x_wconf 89' lang='lat' dir='ltr'>tumultus,</span> <span class='ocrx_word' id='word_1_237' title='bbox 744 2864 822 2922; x_wconf 71' lang='lat' dir='ltr'>recte</span> <span class='ocrx_word' id='word_1_238' title='bbox 843 2875 904 2921; x_wconf 89' lang='lat' dir='ltr'>tum</span> <span class='ocrx_word' id='word_1_239' title='bbox 929 2865 958 2920; x_wconf 92' lang='lat' dir='ltr'>in</span> <span class='ocrx_word' id='word_1_240' title='bbox 973 2863 1082 2920; x_wconf 87' lang='lat' dir='ltr'>curiam</span> <span class='ocrx_word' id='word_1_241' title='bbox 1097 2862 1148 2919; x_wconf 86' lang='lat' dir='ltr'>Pe·</span> 
     </span>
     <span class='ocr_line' id='line_1_31' title="bbox 185 2940 1147 3018; baseline -0.005 -17"><span class='ocrx_word' id='word_1_242' title='bbox 185 2953 270 3001; x_wconf 84' lang='lat' dir='ltr'>“tres</span> <span class='ocrx_word' id='word_1_243' title='bbox 284 2943 469 3016; x_wconf 86' lang='lat' dir='ltr'>revocandos,</span> <span class='ocrx_word' id='word_1_244' title='bbox 492 2944 757 3018; x_wconf 84' lang='lat' dir='ltr'>consulendumque</span> <span class='ocrx_word' id='word_1_245' title='bbox 768 2943 804 3000; x_wconf 91' lang='lat' dir='ltr'>de</span> <span class='ocrx_word' id='word_1_246' title='bbox 818 2943 897 3001; x_wconf 91' lang='lat' dir='ltr'>urbis</span> <span class='ocrx_word' id='word_1_247' title='bbox 910 2941 1041 3000; x_wconf 71' lang='lat' dir='ltr'>custodiit</span> <span class='ocrx_word' id='word_1_248' title='bbox 1054 2940 1147 2998; x_wconf 87' lang='lat' dir='ltr'>esse.’&#39;</span> 
     </span>
    </p>
   </div>
   <div class='ocr_carea' id='block_1_4' title="bbox 149 3099 1305 3882">
    <p class='ocr_par' dir='ltr' id='par_1_6' title="bbox 182 3099 1305 3328">
     <span class='ocr_line' id='line_1_32' title="bbox 222 3099 1305 3176; baseline -0.004 -19"><span class='ocrx_word' id='word_1_249' title='bbox 222 3099 301 3157; x_wconf 90' lang='lat' dir='ltr'>LVI.</span> <span class='ocrx_word' id='word_1_250' title='bbox 333 3100 435 3162; x_wconf 77' lang='lat' dir='ltr'>Quum</span> <span class='ocrx_word' id='word_1_251' title='bbox 451 3102 480 3158; x_wconf 91' lang='lat' dir='ltr'>in</span> <span class='ocrx_word' id='word_1_252' title='bbox 495 3101 570 3158; x_wconf 89' lang='lat' dir='ltr'>hanc</span> <span class='ocrx_word' id='word_1_253' title='bbox 596 3101 766 3158; x_wconf 88' lang='lat' dir='ltr'>sententiam</span> <span class='ocrx_word' id='word_1_254' title='bbox 789 3100 909 3176; x_wconf 89' lang='lat' dir='ltr'>pedibus</span> <span class='ocrx_word' id='word_1_255' title='bbox 928 3117 1029 3158; x_wconf 89' lang='lat' dir='ltr'>omnes</span> <span class='ocrx_word' id='word_1_256' title='bbox 1049 3101 1148 3171; x_wconf 79' lang='lat' dir='ltr'>issent,</span> <span class='ocrx_word' id='word_1_257' title='bbox 1232 3171 1234 3175; x_wconf 23' lang='grc' dir='ltr'>Ι</span> <span class='ocrx_word' id='word_1_258' title='bbox 1304 3099 1305 3172; x_wconf 62' lang='lat' dir='ltr'>i</span> 
     </span>
     <span class='ocr_line' id='line_1_33' title="bbox 182 3173 1305 3254; baseline -0.002 -20"><span class='ocrx_word' id='word_1_259' title='bbox 182 3179 369 3254; x_wconf 74' lang='lat' dir='ltr'>submotltque</span> <span class='ocrx_word' id='word_1_260' title='bbox 384 3179 444 3237; x_wconf 85' lang='lat' dir='ltr'>soro</span> <span class='ocrx_word' id='word_1_261' title='bbox 457 3199 507 3254; x_wconf 89' lang='lat' dir='ltr'>per</span> <span class='ocrx_word' id='word_1_262' title='bbox 520 3180 702 3254; x_wconf 84' lang='lat' dir='ltr'>magistratus</span> <span class='ocrx_word' id='word_1_263' title='bbox 717 3179 810 3251; x_wconf 70' lang='lat' dir='ltr'>turbis,</span> <span class='ocrx_word' id='word_1_264' title='bbox 825 3178 1040 3236; x_wconf 77' lang='lat' dir='ltr'>Patresdivarsi</span> <span class='ocrx_word' id='word_1_265' title='bbox 1055 3177 1091 3234; x_wconf 91' lang='lat' dir='ltr'>ad</span> <span class='ocrx_word' id='word_1_266' title='bbox 1105 3195 1149 3233; x_wconf 88' lang='lat' dir='ltr'>se·</span> <span class='ocrx_word' id='word_1_267' title='bbox 1304 3173 1305 3210; x_wconf 65' lang='lat' dir='ltr'>l</span> 
     </span>
     <span class='ocr_line' id='line_1_34' title="bbox 183 3254 1148 3328; baseline -0.002 -15"><span class='ocrx_word' id='word_1_268' title='bbox 183 3257 295 3314; x_wconf 86' lang='lat' dir='ltr'>dandos</span> <span class='ocrx_word' id='word_1_269' title='bbox 312 3257 451 3328; x_wconf 83' lang='lat' dir='ltr'>tumultus</span> <span class='ocrx_word' id='word_1_270' title='bbox 469 3259 691 3325; x_wconf 74' lang='lat' dir='ltr'>discessissent:</span> <span class='ocrx_word' id='word_1_271' title='bbox 725 3268 787 3313; x_wconf 91' lang='lat' dir='ltr'>tum</span> <span class='ocrx_word' id='word_1_272' title='bbox 811 3257 926 3313; x_wconf 91' lang='lat' dir='ltr'>demum</span> <span class='ocrx_word' id='word_1_273' title='bbox 948 3255 1068 3314; x_wconf 84' lang='lat' dir='ltr'>litcraea</span> <span class='ocrx_word' id='word_1_274' title='bbox 1089 3254 1148 3312; x_wconf 64' lang='lat' dir='ltr'>Te*</span> 
     </span>
    </p>

    <p class='ocr_par' dir='ltr' id='par_1_7' title="bbox 149 3335 1220 3882">
     <span class='ocr_line' id='line_1_35' title="bbox 149 3335 1149 3410; baseline -0.003 -19"><span class='ocrx_word' id='word_1_275' title='bbox 149 3363 174 3403; x_wconf 70' lang='lat'>35</span> <span class='ocrx_word' id='word_1_276' title='bbox 184 3335 275 3392; x_wconf 86' lang='lat' dir='ltr'>rentio</span> <span class='ocrx_word' id='word_1_277' title='bbox 289 3336 408 3410; x_wconf 81' lang='lat' dir='ltr'>consule</span> <span class='ocrx_word' id='word_1_278' title='bbox 421 3337 512 3392; x_wconf 77' lang='lat' dir='ltr'>allata:</span> <span class='ocrx_word' id='word_1_279' title='bbox 534 3346 615 3405; x_wconf 76' lang='lat' dir='ltr'>sunt:</span> <span class='ocrx_word' id='word_1_280' title='bbox 658 3345 676 3372; x_wconf 85' lang='lat'>“</span> <span class='ocrx_word' id='word_1_281' title='bbox 689 3335 722 3392; x_wconf 88' lang='lat' dir='ltr'>L.</span> <span class='ocrx_word' id='word_1_282' title='bbox 739 3335 888 3392; x_wconf 78' lang='lat' dir='ltr'>AEmil&#39;ium</span> <span class='ocrx_word' id='word_1_283' title='bbox 908 3335 1055 3406; x_wconf 87' lang='lat' dir='ltr'>consulem</span> <span class='ocrx_word' id='word_1_284' title='bbox 1070 3351 1149 3388; x_wconf 86' lang='lat' dir='ltr'>exer·</span> 
     </span>
     <span class='ocr_line' id='line_1_36' title="bbox 184 3411 1148 3488; baseline -0.003 -18"><span class='ocrx_word' id='word_1_285' title='bbox 184 3423 203 3450; x_wconf 78' lang='lat'>‘⁴</span> <span class='ocrx_word' id='word_1_286' title='bbox 213 3413 359 3488; x_wconf 83' lang='lat' dir='ltr'>citumque</span> <span class='ocrx_word' id='word_1_287' title='bbox 372 3433 498 3483; x_wconf 87' lang='lat' dir='ltr'>caesum;</span> <span class='ocrx_word' id='word_1_288' title='bbox 530 3432 593 3470; x_wconf 90' lang='lat' dir='ltr'>sese</span> <span class='ocrx_word' id='word_1_289' title='bbox 608 3413 727 3470; x_wconf 87' lang='lat' dir='ltr'>Canusii</span> <span class='ocrx_word' id='word_1_290' title='bbox 741 3431 813 3483; x_wconf 86' lang='lat' dir='ltr'>esse,</span> <span class='ocrx_word' id='word_1_291' title='bbox 838 3413 970 3488; x_wconf 88' lang='lat' dir='ltr'>reliquias</span> <span class='ocrx_word' id='word_1_292' title='bbox 991 3421 1077 3468; x_wconf 81' lang='lat' dir='ltr'>tanta:</span> <span class='ocrx_word' id='word_1_293' title='bbox 1091 3411 1148 3468; x_wconf 69' lang='lat' dir='ltr'>clu·v</span> 
     </span>
     <span class='ocr_line' id='line_1_37' title="bbox 184 3488 1148 3568; baseline -0.003 -20"><span class='ocrx_word' id='word_1_294' title='bbox 184 3502 203 3528; x_wconf 88' lang='lat'>“</span> <span class='ocrx_word' id='word_1_295' title='bbox 213 3492 257 3548; x_wconf 85' lang='lat' dir='ltr'>dis</span> <span class='ocrx_word' id='word_1_296' title='bbox 271 3493 348 3549; x_wconf 85' lang='lat' dir='ltr'>velut</span> <span class='ocrx_word' id='word_1_297' title='bbox 362 3511 398 3549; x_wconf 89' lang='lat' dir='ltr'>ex</span> <span class='ocrx_word' id='word_1_298' title='bbox 412 3492 561 3568; x_wconf 85' lang='lat' dir='ltr'>naufragio</span> <span class='ocrx_word' id='word_1_299' title='bbox 574 3491 775 3567; x_wconf 81' lang='lat' dir='ltr'>colligentem:</span> <span class='ocrx_word' id='word_1_300' title='bbox 806 3491 843 3547; x_wconf 89' lang='lat' dir='ltr'>ad</span> <span class='ocrx_word' id='word_1_301' title='bbox 857 3492 959 3548; x_wconf 91' lang='lat' dir='ltr'>decem</span> <span class='ocrx_word' id='word_1_302' title='bbox 974 3490 1062 3555; x_wconf 83' lang='lat' dir='ltr'>millia</span> <span class='ocrx_word' id='word_1_303' title='bbox 1076 3488 1148 3546; x_wconf 91' lang='lat' dir='ltr'>mili·</span> 
     </span>
     <span class='ocr_line' id='line_1_38' title="bbox 185 3568 1186 3644; baseline -0.004 -18"><span class='ocrx_word' id='word_1_304' title='bbox 185 3579 272 3626; x_wconf 85' lang='lat' dir='ltr'>“rum</span> <span class='ocrx_word' id='word_1_305' title='bbox 288 3571 377 3628; x_wconf 86' lang='lat' dir='ltr'>ferme</span> <span class='ocrx_word' id='word_1_306' title='bbox 391 3589 454 3628; x_wconf 87' lang='lat' dir='ltr'>esse</span> <span class='ocrx_word' id='word_1_307' title='bbox 478 3569 729 3644; x_wconf 88' lang='lat' dir='ltr'>incompositorum</span> <span class='ocrx_word' id='word_1_308' title='bbox 754 3569 1042 3644; x_wconf 82' lang='lat' dir='ltr'>inordinatorumque.</span> <span class='ocrx_word' id='word_1_309' title='bbox 1085 3568 1148 3623; x_wconf 80' lang='lat' dir='ltr'>1²oe-</span> <span class='ocrx_word' id='word_1_310' title='bbox 1181 3577 1186 3581; x_wconf 88' lang='lat'>&#39;</span> 
     </span>
     <span class='ocr_line' id='line_1_39' title="bbox 185 3646 1147 3724; baseline -0.004 -21"><span class='ocrx_word' id='word_1_311' title='bbox 185 3657 284 3704; x_wconf 79' lang='lat' dir='ltr'>“num</span> <span class='ocrx_word' id='word_1_312' title='bbox 307 3649 407 3705; x_wconf 87' lang='lat' dir='ltr'>sedere</span> <span class='ocrx_word' id='word_1_313' title='bbox 429 3650 475 3706; x_wconf 89' lang='lat' dir='ltr'>ad·</span> <span class='ocrx_word' id='word_1_314' title='bbox 490 3649 616 3716; x_wconf 86' lang='lat' dir='ltr'>Cannas,</span> <span class='ocrx_word' id='word_1_315' title='bbox 639 3648 668 3704; x_wconf 93' lang='lat' dir='ltr'>in</span> <span class='ocrx_word' id='word_1_316' title='bbox 690 3648 865 3722; x_wconf 88' lang='lat' dir='ltr'>captivorum</span> <span class='ocrx_word' id='word_1_317' title='bbox 887 3649 984 3724; x_wconf 87' lang='lat' dir='ltr'>pretiis</span> <span class='ocrx_word' id='word_1_318' title='bbox 998 3646 1147 3722; x_wconf 75' lang='lat' dir='ltr'>praeddque</span> 
     </span>
     <span class='ocr_line' id='line_1_40' title="bbox 149 3723 1220 3802; baseline -0.004 -20"><span class='ocrx_word' id='word_1_319' title='bbox 149 3753 175 3793; x_wconf 62' lang='grc' dir='ltr'><strong><em>ω</em></strong></span> <span class='ocrx_word' id='word_1_320' title='bbox 185 3735 204 3762; x_wconf 84' lang='grc'>“</span> <span class='ocrx_word' id='word_1_321' title='bbox 214 3726 279 3796; x_wconf 78' lang='lat' dir='ltr'>alit,</span> <span class='ocrx_word' id='word_1_322' title='bbox 295 3745 350 3783; x_wconf 91' lang='lat' dir='ltr'>nec</span> <span class='ocrx_word' id='word_1_323' title='bbox 365 3727 478 3784; x_wconf 86' lang='lat' dir='ltr'>victuris</span> <span class='ocrx_word' id='word_1_324' title='bbox 492 3727 598 3800; x_wconf 80' lang='lat' dir='ltr'>enimc,</span> <span class='ocrx_word' id='word_1_325' title='bbox 613 3745 669 3784; x_wconf 89' lang='lat' dir='ltr'>nec</span> <span class='ocrx_word' id='word_1_326' title='bbox 683 3726 780 3802; x_wconf 88' lang='lat' dir='ltr'>magni</span> <span class='ocrx_word' id='word_1_327' title='bbox 794 3725 973 3798; x_wconf 88' lang='lat' dir='ltr'>ducismore,</span> <span class='ocrx_word' id='word_1_328' title='bbox 987 3723 1148 3782; x_wconf 87' lang='lat' dir='ltr'>nundinan·</span> <span class='ocrx_word' id='word_1_329' title='bbox 1216 3791 1220 3795; x_wconf 18' lang='grc' dir='ltr'>ι</span> 
     </span>
     <span class='ocr_line' id='line_1_41' title="bbox 185 3801 1147 3882; baseline -0.004 -20"><span class='ocrx_word' id='word_1_330' title='bbox 185 3805 300 3862; x_wconf 82' lang='lat' dir='ltr'>“tem&#39;’</span> <span class='ocrx_word' id='word_1_331' title='bbox 352 3804 430 3862; x_wconf 89' lang='lat' dir='ltr'>Tum</span> <span class='ocrx_word' id='word_1_332' title='bbox 453 3806 567 3882; x_wconf 83' lang='lat' dir='ltr'>privatae</span> <span class='ocrx_word' id='word_1_333' title='bbox 587 3823 698 3882; x_wconf 89' lang='lat' dir='ltr'>quoque</span> <span class='ocrx_word' id='word_1_334' title='bbox 719 3824 770 3880; x_wconf 92' lang='lat' dir='ltr'>per</span> <span class='ocrx_word' id='word_1_335' title='bbox 791 3805 889 3862; x_wconf 90' lang='lat' dir='ltr'>domos</span> <span class='ocrx_word' id='word_1_336' title='bbox 910 3805 1006 3862; x_wconf 83' lang='lat' dir='ltr'>clades</span> <span class='ocrx_word' id='word_1_337' title='bbox 1026 3801 1147 3878; x_wconf 71' lang='lat' dir='ltr'>vulgatu</span> 
     </span>
    </p>
   </div>
   <div class='ocr_carea' id='block_1_5' title="bbox 0 0 1318 4220">
    <p class='ocr_par' dir='ltr' id='par_1_8' title="bbox 0 0 1318 4220">
     <span class='ocr_line' id='line_1_42' title="bbox 0 0 1318 4220; baseline 0 0"><span class='ocrx_word' id='word_1_338' title='bbox 0 0 1318 4220; x_wconf 95' lang='lat' dir='ltr'> </span> 
     </span>
    </p>
   </div>
  </div>
 </body>
</html>
