2620 4220
13 343 15 426 l

153 353 215 414 200
359 349 429 400 rm
445 349 530 400 mvn
546 348 651 401 cissa
667 349 752 402 xxo,
778 363 839 402 en.
850 364 904 403 m.

153 510 260 568 vasque
274 503 495 568 supervolarem
510 493 604 550 luctus
617 503 658 550 tot
668 485 780 568 jacturd
804 493 909 554 civium
929 491 1057 570 adjectus
1071 507 1117 552 eso·

153 583 205 644 set,
230 590 296 628 cum
321 571 434 647 magnis
455 571 568 628 fletibus
589 573 791 647 questibusque
812 571 921 647 legatos
948 572 984 628 ad
1005 584 1116 648 portam

153 649 294 726 prosecuti
309 659 384 706 suut.
426 649 509 706 Unus
522 669 558 705 ex
572 650 607 705 iis
620 651 735 706 domum
751 650 830 720 abiit,
843 650 920 724 qudd
934 649 1028 706 fallaci
1042 649 1117 708 redi·

153 739 182 784 tu
198 727 226 782 in
242 738 335 784 castra
346 727 529 802 jurejurando
542 747 573 783 se
587 726 759 786 exsolvisset.
799 726 888 788 Quod
914 728 962 784 ubi
981 728 1116 794 innotuit,

153 805 330 878 relatumque
344 805 379 862 ad
394 818 523 862 senatum
538 816 591 876 est,
604 823 704 862 omnes
725 816 909 872 censuerunt,
928 807 1141 880 comprehen-s

152 883 278 940 dendum
293 893 322 939 et
336 883 500 939 custodibus
514 883 628 957 publice
644 883 717 938 datis
731 883 931 939 deducendum
952 882 1117 939 ad'llanni·

153 961 247 1017 balem
271 979 342 1017 esse.
384 961 436 1016 Est
462 971 491 1016 et
512 961 567 1016 alia
587 961 623 1016 de
645 961 763 1034 captivis
788 961 872 1027 sama,
894 962 995 1017 decem
1010 960 1117 1036 primos

153 1039 282 1096 venisse:
303 1039 339 1094 de
353 1038 394 1094 eis
407 1055 493 1112 quum
508 1038 667 1094 dubitatum
682 1039 713 1094 in
723 1049 823 1094 senatu
835 1050 919 1110 esset,
931 1039 1117 1095 admitteren-

153 1127 198 1173 tur
212 1117 240 1172 in
257 1117 366 1183 urbem,
381 1125 490 1184 necne;
513 1115 552 1172 ita
565 1116 702 1172 admissos
716 1135 789 1182 esse,
812 1135 850 1172 ne
871 1127 967 1172 tamen
982 1116 1018 1172 iis
1033 1135 1116 1174 sena·

152 1206 199 1250 tus
213 1195 335 1250 daretur.
378 1194 561 1252 Morantibus
574 1193 678 1250 deinde
692 1189 804 1269 longids
827 1194 955 1250 omnium
969 1197 1038 1268 spe,
1045 1195 1115 1252 alios
1126 1205 1154 1243 1⁰

152 1285 210 1329 tres
224 1273 339 1346 insuper
353 1271 462 1346 legatos
475 1272 597 1338 venisse,
613 1271 645 1327 L.
662 1271 855 1342 Scribonium,
868 1282 899 1328 et
912 1271 948 1328 C.
963 1271 1116 1345 Calpurni·

154 1369 214 1416 um,
229 1361 258 1407 et
272 1349 304 1406 L.
321 1349 480 1406 Manlium:
501 1360 561 1405 turn
577 1350 690 1405 demum
706 1349 741 1405 ab
762 1360 885 1424 cognato
910 1347 1052 1406 Scribonii
1066 1352 1115 1407 tri-

153 1428 231 1484 buno
244 1427 334 1503 plebis
347 1427 383 1484 de
396 1427 569 1482 redimendis
583 1427 707 1501 captivis
724 1427 842 1482 relatum
857 1446 928 1497 esse,
943 1444 998 1483 nec
1012 1445 1116 1484 censu-

153 1507 209 1563 isse
223 1506 404 1562 redimendos
418 1515 547 1560 senatum
560 1523 567 1561 ι
601 1516 629 1560 et
648 1523 735 1561 noros
759 1505 867 1579 legatos
881 1517 938 1561 tres
952 1506 988 1561 ad
1003 1506 1115 1563 Hanni·

154 1583 247 1642 belem
262 1583 418 1652 revertisse,
433 1583 534 1638 decem
549 1583 658 1639 veteres
672 1583 861 1651 remansisse3
882 1581 968 1656 qubd,
982 1602 1032 1657 per
1047 1584 1115 1640 cau·¹
1126 1600 1151 1638 rs

154 1679 214 1717 sam
230 1661 454 1735 recognoscendi
469 1661 586 1716 nomina
610 1661 784 1735 captivorum
806 1661 842 1716 ad
868 1661 1061 1718 Hannibalem
1079 1681 1115 1719 ex

155 1739 256 1796 itinere
270 1738 401 1813 regressi,
417 1738 553 1813 religione
568 1757 631 1796 sese
645 1738 847 1812 exsolvissent:
874 1739 913 1794 de
927 1739 961 1794 iis
975 1739 1115 1796 dedendis

153 1817 259 1891 magnit
273 1816 457 1872 contentione
472 1828 566 1872 actum
583 1817 611 1872 in
627 1828 728 1872 senatu
742 1835 824 1884 esse3
856 1816 1001 1890 victosque
1015 1819 1115 1890 paucis

154 1895 313 1965 sententiis,
325 1895 373 1968 qui
387 1890 533 1952 dedendos
548 1895 730 1951 censuerint:
752 1893 885 1950 caetertim
897 1895 1031 1968 proximis
1048 1914 1115 1952 cerr-

154 1974 264 2031 aoribus
279 1973 351 2029 aded
364 1973 497 2030 omnibus
511 1970 586 2028 notis
600 1971 819 2046 ignominiisque
834 1971 1067 2038 confectos'essa
1083 1985 1114 2030 ut
1124 1993 1153 2031 ec

153 2052 267 2126 quidam
277 2070 375 2108 eorum
385 2061 502 2107 mortem
512 2050 565 2105 sibi
574 2050 626 2124 ipsi
638 2049 781 2122 extemplo
792 2049 1002 2118 consciverintq
1018 2051 1114 2107 caeteri

154 2149 210 2187 non
226 2130 285 2186 l'oro
296 2129 389 2186 solum
404 2127 481 2186 omni
496 2128 600 2184 deinde
614 2127 677 2196 vita,
693 2127 743 2182 sed
757 2127 842 2200 prope
863 2127 927 2182 luce
941 2147 975 2183 ac
989 2129 1125 2201 publico„

155 2209 307 2264 caruerint.
324 2207 420 2262 Mirari
431 2206 530 2280 magis,
541 2204 612 2261 adab
621 2205 785 2278 discrepare
792 2205 1009 2274 interauctores,
1021 2207 1117 2279 quim,
1129 2263 1131 2266 .

154 2286 221 2360 quid
234 2286 291 2340 veri
301 2285 346 2349 sit,
356 2285 518 2340 discernere
526 2301 621 2356 queas.
641 2281 763 2342 'Quantb
772 2293 865 2338 autem
878 2283 966 2358 major
977 2285 1116 2340 eaclades
1192 2337 1197 2344 .

155 2362 347 2436 superioribus
365 2362 495 2416 cladibus
506 2361 600 2426 fuerit,
615 2361 658 2415 vel
672 2379 707 2415 ea
720 2379 765 2416 res
780 2360 888 2416 indicio
900 2360 1051 2434 est-quiid,
1066 2363 1153 2435 quies

154 2440 294 2497 sociorum
309 2439 421 2494 adeam
436 2438 511 2494 diem
526 2437 599 2494 firmi
614 2448 761 2510 steterant,
773 2448 837 2502 tum,
847 2438 942 2495 labare
956 2450 1114 2512 creperum,

154 2517 232 2574 nulls
242 2515 367 2592 prosectd
376 2517 431 2572 sliri
439 2517 475 2572 de
487 2535 527 2588 re,
536 2517 620 2590 quim
629 2515 703 2589 qudd
715 2517 932 2590 desperaverant
941 2517 976 2572 de
988 2517 1115 2590 imperio.

156 2595 298 2653 Defecere
323 2605 417 2650 autem
442 2595 478 2650 ad
497 2594 600 2650 Poenos
623 2595 653 2650 hi
674 2593 789 2668 pqpuli:
831 2594 967 2660 Atellani,
983 2594 1116 2660 Calatini,

101 2739 105 2748 ι
156 2674 280 2749 Hirpini,
298 2673 455 2748 Apulorum
476 2692 549 2747 pars,
575 2671 718 2728 Samnites
740 2681 840 2744 praeter
864 2672 989 2740 Pentros,
1013 2672 1116 2728 Bruttii

155 2772 264 2824 omnes,
280 2753 411 2809 Lucanis
432 2763 533 2826 praeter
548 2751 599 2807 bos
614 2749 784 2814 Surrentini,
804 2760 833 2804 et
846 2749 1010 2806 Graecorum
1024 2751 1155 2808 omnisau

157 2833 246 2890 ferme
260 2851 319 2897 ora,
335 2829 497 2895 Tarentini,
513 2827 713 2904 Metapontini,
738 2827 950 2893 Crotonienses,
965 2826 1116 2901 Locrique,

155 2922 185 2968 et
198 2909 337 2984 Cisalpini
350 2925 450 2965 omnes
463 2907 547 2963 Galli.
590 2905 655 2962 Nec
678 2916 774 2962 tamen
798 2905 841 2960 hae
865 2905 960 2960 clades
982 2905 1118 2961 desectio-

155 3007 263 3062 nesque
288 2988 427 3044 sociorum
450 2994 607 3056 moverunt,
632 2995 662 3039 ut
676 2983 755 3058 pacis
776 3001 899 3056 unquam
922 2983 1118 3056 mentioapud

156 3067 305 3125 Romanos
326 3066 422 3133 lieret;
454 3081 546 3140 neque
569 3072 634 3118 ante
656 3061 781 3125 consulis
799 3060 926 3117 'Romam
954 3061 1117 3139 adventum,

157 3163 212 3202 nec
227 3154 373 3218 postquam
389 3143 412 3198 is
426 3142 518 3208 rediit,
534 3139 732 3213 renovavitque
748 3139 911 3196 memoriam
926 3144 1051 3212 acceptae
1061 3139 1155 3198 cla-³5

157 3223 221 3278 dis:
243 3239 298 3294 quo
312 3219 341 3276 in
356 3231 482 3294 ternpore
497 3219 558 3293 ipso
572 3216 645 3274 adad
669 3236 773 3292 magno
786 3218 882 3273 animo
896 3217 995 3272 civitas
1010 3215 1072 3286 fuit,
1087 3227 1119 3272 ut

156 3299 281 3368 consuli,
292 3317 328 3354 ex
342 3298 420 3354 tantis
434 3298 526 3368 clade,
541 3297 623 3371 cujus
637 3297 697 3370 ipse
712 3313 798 3357 causa
817 3295 941 3351 maxima
955 3294 1061 3364 luisset,
1076 3313 1120 3349 re·

158 3377 268 3449 deunti,
283 3386 311 3432 et
324 3375 435 3432 obviem
450 3375 520 3430 itum
535 3375 696 3448 frequenter
707 3373 747 3428 ab
764 3373 897 3429 omnibus
910 3372 1056 3428 ordinibus
1070 3371 1119 3442 sit,

158 3467 187 3513 et
201 3456 298 3530 gratiae
314 3465 396 3526 actae,
409 3450 486 3528 qudd
500 3453 536 3508 de
550 3451 697 3526 republicis
721 3469 778 3506 non
794 3451 989 3524 desperasset:
1021 3449 1080 3510 cui,
1095 3449 1119 3504 si

160 3532 441 3610 Carthaginiensium
456 3532 557 3587 ductor
571 3531 680 3600 luisset,
698 3528 769 3584 nihil
785 3525 973 3586 recusandum
988 3525 1119 3601 supplicii
1129 3547 1156 3584 ro
1243 3583 1244 3590 ,

159 3613 239 3671 foret.
870 3619 871 3622 ’
997 3620 998 3624 ’
