2620 4220
172 297 232 360 234
566 295 636 344 τιτι
652 293 737 344 mvn

175 449 252 497 vernt
265 449 294 496 et
307 450 404 513 pactas
419 435 559 504 inducias,
574 448 603 494 et
616 455 694 512 spem
710 427 868 505 soederum3
899 447 1007 502 tamen,
1021 435 1045 494 si
1067 436 1142 496 inte·

173 536 233 593 ger,
254 517 338 591 quiam
353 515 377 572 si
391 515 492 581 victus,
514 525 622 589 peteret
636 533 745 589 pacem,
755 513 883 588 ¹aequiora
897 514 1041 590 impetrari
1055 536 1141 591 posse

174 605 258 663 tatus,
273 593 406 650 nuntium
431 593 467 649 ad
493 593 657 667 Scipionem
672 593 758 664 misit,
782 603 813 650 ut
837 593 1018 668 colloquendi
1039 613 1141 651 secum

172 683 339 746 potestatem
354 671 469 730 faceret.
511 670 545 728 ld
560 670 652 727 utrdm
667 672 719 727 suti
741 683 842 746 sponte
865 671 976 737 fecerit,
998 691 1034 728 an
1048 673 1142 746 publi·

172 768 207 806 eo
220 750 349 821 consilio,
364 760 496 806 neutrum
518 767 570 804 cur
590 748 738 815 affirmem,
755 749 854 806 habeo.
896 749 1030 805 Valerius
1056 751 1142 808 Anti·
1163 764 1178 803 ε

172 846 212 899 as,
240 829 331 902 primo
357 827 456 902 proelio
483 826 588 882 victum
616 845 681 882 eum
704 845 721 882 a
741 827 888 901 Scipione,
908 846 965 901 quo
985 827 1141 884 duodecim

172 905 261 962 millia
287 916 457 962 armatorum
485 904 514 960 iu
536 904 598 960 acie
619 915 686 960 sunt
705 923 790 970 caasa,
814 904 892 960 mille
912 916 942 961 et
962 906 1139 981 septingenti

172 983 257 1058 capti,
281 983 407 1058 legatum
421 1001 488 1038 cum
509 981 573 1038 aliis
596 982 698 1038 decem
719 981 820 1057 legatis
843 982 928 1039 tradit
942 983 971 1039 in
986 994 1081 1039 castra
1101 984 1140 1040 ad

172 1061 336 1135 Scipionem
365 1060 486 1117 venisse.
548 1060 695 1118 Caeterum
725 1060 823 1135 Scipio
850 1079 938 1134 quum
966 1060 1141 1134 colloquium

172 1139 247 1196 baud
268 1138 421 1208 abnuisset,
449 1138 533 1194 ambo
558 1156 594 1194 ex
614 1138 771 1214 composito
791 1137 881 1194 duces
903 1149 997 1194 eastra
1017 1139 1178 1213 protule-ro

171 1227 245 1286 runt,
268 1227 299 1273 ut
319 1216 396 1274 coire
416 1235 453 1274 ex
473 1215 631 1291 propinquo
651 1225 774 1290 possent.
827 1215 926 1290 Scipio
939 1215 1016 1274 baud
1036 1217 1139 1290 procul

170 1293 339 1370 Naraggara
355 1294 433 1365 urbe,
454 1304 514 1350 tum
528 1294 564 1349 ad
584 1304 688 1350 caetera
702 1293 765 1350 loco
785 1305 953 1368 opportuno,
978 1304 1039 1350 tum
1061 1292 1137 1368 qudd

171 1373 284 1448 aquatio
298 1372 372 1430 intra
392 1373 441 1429 teli
465 1370 628 1446 conjectum
648 1381 719 1442 erat,
740 1372 879 1428 consedit.
923 1371 1070 1428 Hannibal
1095 1383 1140 1429 tu·

171 1450 280 1507 mulum
294 1469 311 1506 a
323 1461 441 1524 quatuor
455 1449 579 1505 millibus
601 1449 679 1522 inde,
702 1459 794 1506 tutum
816 1450 1055 1524 commodumque
1070 1450 1139 1508 alio·

170 1527 248 1600 quin,
263 1528 318 1585 nisi
332 1529 406 1602 qudd
420 1527 583 1602 longinquae
597 1527 755 1601 aquationis
768 1537 837 1597 erat,
852 1527 937 1602 cepit.
975 1528 1019 1584 lbi
1033 1528 1062 1584 in
1078 1547 1140 1585 me·
1150 1543 1175 1583 ιε

170 1605 218 1662 dio
232 1605 312 1662 locus
326 1617 498 1682 conspectus
513 1604 647 1680 undique,
663 1623 699 1661 ne
722 1605 789 1679 quid
805 1605 972 1663 insidiarum
987 1616 1073 1675 esset,
1087 1606 1138 1663 de-

169 1682 270 1740 lectus.

209 1839 309 1900 XXX.
345 1840 491 1899 Submotis
517 1841 577 1918 pari
604 1839 695 1916 spatio
715 1839 840 1907 armatis,
864 1859 931 1897 cum
953 1840 1074 1917 singulis
1094 1841 1139 1898 in·

170 1921 339 1993 terpretibus
362 1919 508 1996 congressi
530 1930 605 1989 sunt,
630 1938 687 1976 non
711 1937 771 1976 sure
798 1918 882 1975 modd
907 1919 997 1976 aetatis
1018 1919 1136 1978 maximi

170 1996 268 2070 duces,
283 1998 333 2055 sed
346 1997 440 2055 omnis
453 2009 519 2054 ante
533 2017 564 2055 se
590 1997 740 2064 memorie,
761 1997 891 2054 omnium
912 1997 1045 2072 gentium
1055 1997 1174 2054 ouili-et

171 2075 218 2132 bet
239 2095 338 2152 regum
362 2076 596 2152 imperatorumve
618 2093 709 2152 pares.
750 2073 906 2150 Paulisper,
928 2075 998 2150 alter
1019 2075 1138 2132 alterius

170 2167 336 2229 conspectu,
363 2154 549 2211 admiratione
576 2153 676 2210 mutui
699 2151 784 2228 prope*
816 2153 938 2225 attoniti,
959 2153 1136 2210 conticuere.

170 2229 248 2288 Tum
265 2232 409 2288 Hannibal
424 2233 508 2307 prior,
531 2232 594 2288 “Si
610 2232 664 2288 boo
689 2231 727 2288 ita
744 2231 801 2288 fato
814 2231 912 2288 datum
933 2242 1009 2302 erat,
1024 2241 1066 2303 ut,
1086 2231 1137 2306 qui

154 2301 159 2312 ’
171 2310 307 2384 “primus
321 2310 426 2365 bellum
448 2310 530 2365 intuli
552 2309 655 2384 populo
669 2309 813 2382 Romano,
827 2309 933 2384 quique
947 2309 1031 2367 toties
1044 2311 1135 2383 prope

170 2385 380 2444 “inmanibus
406 2386 552 2446 victoriam
581 2387 678 2458 habui,
699 2387 724 2444 ia
743 2377 817 2446 ultro
844 2389 880 2444 ad
908 2405 1008 2462 pacem
1037 2398 1173 2461 peteo-aa

171 2463 264 2520 “dam
280 2464 403 2521 venirem
416 2484 424 2534 ;
454 2465 530 2522 laetor
552 2477 579 2523 te
602 2465 671 2522 mihi
693 2476 767 2522 sorte
790 2465 966 2540 potissimdm
988 2465 1096 2532 datum,
1119 2483 1137 2522 a

170 2549 188 2576 “
198 2560 253 2615 quo
266 2552 400 2618 peterem.
442 2542 512 2600 'l'ibi
525 2561 636 2617 quoque
652 2543 725 2600 inter
740 2543 829 2600 multa
842 2544 959 2620 egregia
977 2562 1034 2599 non
1049 2543 1079 2599 in
1094 2543 1137 2600 ul·

169 2620 274 2676 “timis
288 2620 404 2678 laudum
419 2621 474 2679 hoc
489 2621 582 2688 suerit,
599 2621 802 2688 Hannibalem,
825 2623 872 2679 oui
887 2632 928 2679 tot
941 2622 978 2678 de
993 2621 1136 2678 Romanis

169 2698 320 2756 “ducibus
334 2699 479 2756 victoriam
494 2700 542 2757 Dii
557 2700 711 2765 dedissent,
731 2699 782 2756 tibi
796 2697 934 2769 cessisse3
966 2709 1050 2772 teque
1065 2699 1135 2756 huic

169 2777 281 2844 “bello,
305 2778 402 2834 vestris
424 2777 500 2852 prids
524 2777 608 2852 qudm
631 2778 734 2835 nostris
755 2777 887 2835 cladibus
905 2777 1021 2852 insigni,
1043 2776 1131 2834 linem
1144 2793 1172 2832 ao

169 2854 373 2932 “imposuisse
417 2855 482 2912 Hoc
495 2875 606 2930 quoque
619 2855 772 2912 ludibrium
792 2856 877 2912 costis
897 2855 1019 2913 ediderit
1033 2853 1135 2911 Fortu·

169 2941 187 2971 “
197 2951 243 3004 nu,
259 2945 297 3003 ut,
312 2931 397 3007 quum
412 2943 491 3008 patre
506 2945 554 2990 tuo
568 2933 686 2990 consule
708 2935 832 3008 ceperim
847 2953 936 3002 arma,
950 2951 1017 2989 cum
1031 2933 1135 2989 eodem

168 3011 316 3086 “primdm
333 3011 465 3069 Romano
479 3012 651 3087 imperatore
671 3013 753 3086 signa
775 3012 963 3080 contulerim;
992 3011 1028 3066 ad
1044 3009 1134 3067 filium

169 3089 258 3164 “ejus
273 3090 388 3146 inermis
403 3091 438 3146 ad
454 3109 552 3166 pacem
572 3090 725 3164 petendam
748 3091 868 3146 veniam.
910 3089 1059 3165 Optimum
1073 3089 1135 3162 qui·

169 3167 262 3223 “dem
278 3167 376 3238 fuerat,
400 3187 464 3226 eam
485 3167 611 3244 patribus
632 3168 735 3225 nostris
749 3179 874 3225 mentem
895 3169 990 3226 datam
1012 3165 1049 3222 ab
1069 3165 1171 3223 Diisac

168 3252 187 3283 ‘⁶
197 3261 270 3311 esse,
291 3255 322 3300 ut
343 3256 371 3301 et
386 3264 433 3302 vos
448 3245 548 3313 Italiae,
570 3256 599 3303 et
620 3265 673 3303 nos
686 3246 793 3304 Afrioae
808 3247 927 3321 imperio
940 3245 1069 3304 contenti
1089 3262 1135 3301 es-

145 3353 152 3358 ·
169 3331 187 3362 ‘⁶
197 3341 311 3381 semus:
333 3341 425 3398 neque
439 3324 515 3380 enim
530 3343 566 3381 ne
587 3324 667 3382 vobis
687 3325 801 3398 quidem
822 3325 923 3382 Sicilia
943 3340 978 3381 ac
1000 3322 1136 3380 Sardinia

169 3401 265 3458 “satis
285 3401 373 3478 digna
393 3401 483 3476 pretia
503 3413 570 3459 sunt
590 3419 640 3478 pro
660 3413 701 3462 tot
721 3403 868 3468 elassibus,
890 3413 931 3460 tot
944 3401 1133 3469 exercitibus,

169 3487 237 3537 “tot
257 3489 314 3536 tum
335 3479 458 3556 egregiis
480 3480 590 3537 amissis
614 3481 743 3537 ducibus.
797 3482 857 3538 Sed
874 3479 1021 3556 praeterita
1042 3479 1134 3554 magis

169 3558 365 3634 “reprehendi
381 3568 504 3634 possunt,
519 3557 602 3632 quim
617 3559 729 3634 corrigi.
772 3559 817 3616 lta
828 3559 922 3616 'aliena
934 3557 1169 3634 appetivimus,tn

169 3645 187 3674 ‘⁸
197 3648 228 3694 ut
242 3637 278 3692 de
299 3637 401 3693 nostris
416 3636 626 3708 dimicaremus,
641 3655 696 3693 nec
711 3637 740 3692 in
755 3637 837 3693 Italia
861 3637 951 3695 soldm
974 3637 1053 3694 vobis
1073 3635 1134 3693 bel·

169 3714 265 3784 “lum‚
287 3714 369 3772 nobis
390 3714 419 3771 in
441 3713 541 3770 Africa
555 3722 646 3782 esset3
680 3715 730 3770 sod
757 3725 786 3772 et
806 3733 855 3773 vos
876 3715 904 3772 in
926 3715 1013 3791 portis
1033 3713 1134 3773 vestris
