2632 4224
111 375 150 432 32
504 371 573 420 TlTl
589 370 674 420 LlVII

112 513 157 570 lus
178 512 300 570 creavit:
329 512 428 570 Patres
447 513 525 570 sudre
547 523 685 570 auctores.
727 510 832 570 Numae
851 511 982 588 Pompilii
996 513 1105 591 regis?

112 611 211 667 nepos,
226 591 285 648 filit
297 602 385 663 ortus,
399 591 501 649 Ancus
515 591 642 650 Marcius
655 601 734 648 erat:
765 590 823 666 qui,
838 601 869 648 ut
883 610 1002 668 regnare
1016 612 1071 650 coe·
1086 593 1101 667 {a

110 670 162 744 pit,
187 681 216 726 et
239 670 320 727 avitae
344 670 441 746 gloriae
464 667 581 738 memor,
609 679 637 726 et
663 669 730 744 quia
754 669 915 744 proximum
940 687 1105 746 regnum:

111 757 216 805 caetera
228 748 384 824 egregium,
399 749 435 804 ab
449 750 507 806 unit
520 759 599 824 parte
614 748 690 804 haud
709 749 778 804 satis
791 765 955 824 prosperum
970 749 1070 816 suerat,
1085 734 1105 771 ᾧ
1168 757 1171 760 ’
1264 771 1273 780 ,

111 837 160 882 aut
173 827 313 902 neglectis
326 827 520 902 religionibus,
536 837 584 883 aut
598 825 682 901 prave
696 825 798 895 cultis;
820 825 904 900 longe
913 827 1072 900 antiquissi-
1086 823 1100 908 ζ

111 921 191 961 mum
218 913 305 972 ratus,
326 924 408 962 sacra
427 905 551 979 publica,
573 917 605 961 ut
633 905 668 960 ab
696 903 795 960 Numa
822 903 951 962 instituta
980 915 1092 978 erant,'

110 982 224 1053 sacere;
258 984 359 1040 omnia.
374 1001 409 1040 ea
439 1003 475 1052 ex
502 983 713 1040 commentariis
740 983 816 1058 regis
845 982 1020 1056 pontificem,
1041 984 1070 1040 in
1080 1019 1093 1051 ,-

110 1057 209 1118 album'
221 1061 318 1130 relata,
332 1079 488 1136 proponere
504 1061 533 1120 in
557 1061 673 1136 publico
687 1061 790 1136 jubet:
820 1061 887 1117 inde
911 1072 940 1118 et
961 1061 1073 1118 civibus

24 1212 29 1220 Ι
109 1137 160 1196 otii
174 1139 295 1213 cupidis,
310 1152 339 1196 et
352 1139 480 1198 finitimis
504 1139 674 1210 civitatibus
694 1139 769 1196 sacta
782 1157 856 1214 spes,
871 1139 899 1196 in
914 1139 958 1196 avi
979 1158 1072 1198 mores

110 1227 193 1291 atque
208 1217 337 1274 instituta
350 1236 447 1292 regern
463 1219 615 1274 abiturum.
657 1217 749 1292 Igitur
762 1217 868 1288 Latini,
878 1235 944 1280 cum
958 1218 1071 1292 quibuS,
1083 1239 1106 1278 ro

110 1293 197 1352 Tullo
210 1307 358 1370 regnante,
373 1296 462 1352 ictum
484 1297 575 1352 soedus
588 1306 658 1363 erat,
680 1296 851 1352 sustulerant
872 1295 999 1359 animos:
1034 1307 1071 1366 et,
1093 1337 1097 1344 ·

109 1391 195 1447 quum
210 1373 402 1432 incursionem
417 1375 446 1430 in
461 1393 559 1448 agrum
581 1373 747 1439 Romanum
763 1373 906 1438 fecissent,
922 1373 1072 1446 repetenti-

47 1517 49 1522 ¹
109 1450 164 1508 bus
176 1471 222 1508 res
235 1451 375 1526 Romanis
389 1452 509 1526 superbe
524 1469 690 1526 responsum
705 1451 828 1508 reddunt
840 1468 848 1518 3
870 1450 997 1508 desidem
1010 1452 1070 1508 Ro·

109 1542 226 1590 manum
237 1549 334 1606 regem
344 1529 532 1604 inter-'sacella
543 1541 571 1586 et
582 1549 645 1586 aras
659 1540 788 1586 acturum
803 1547 866 1600 esse
878 1547 996 1604 regnum
1008 1531 1070 1586 rati.

109 1605 240 1664 Medium
248 1619 309 1665 erat
322 1609 352 1664 in
364 1607 449 1665 Anco
459 1608 616 1683 ingenium,
626 1618 655 1671 et
665 1607 770 1664 Numae
779 1617 808 1664 et
816 1607 933 1665 Romuli
943 1627 1050 1664 memor
1062 1627 1104 1668 :15

108 1696 145 1755 et,
160 1696 345 1760 praeterquam
359 1685 433 1760 qued
448 1687 491 1742 avi
505 1705 594 1761 regno
608 1685 699 1760 magis
716 1685 907 1742 necessariam
923 1685 1013 1760 luisse
1023 1705 1072 1761 pa·

63 1806 66 1810 .
109 1781 173 1822 cem
191 1765 334 1835 credebat,
359 1783 447 1839 quum
472 1765 501 1822 in
523 1784 603 1835 novo,
625 1775 686 1821 tum
707 1763 796 1822 feroci
816 1764 940 1840 populo;
974 1765 1071 1835 etiam,

107 1842 183 1916 quod
202 1842 242 1899 illi
263 1843 430 1918 contigisset
449 1843 549 1909 otium,
571 1843 632 1899 sine
655 1842 758 1918 injurii.
784 1842 812 1898 id
834 1861 865 1898 se
890 1843 965 1899 hand
987 1843 1069 1900 facile

108 1920 270 1978 habiturum
284 1941 291 1977 r
313 1921 416 1978 tentari
430 1921 606 1997 patientiam,
620 1930 649 1977 et
663 1931 799 1978 tentatam
813 1921 958 1978 contemni
971 1941 983 1976 :·
1000 1932 1070 1978 tem·

107 2017 231 2074 peraque
245 2019 307 2056 esse
321 1999 409 2056 Tullo
422 1999 482 2075 regi
506 1999 623 2074 aptiora,
637 1997 722 2073 qualm
747 1998 860 2055 Numae.
902 1997 941 2056 Ut
964 2009 1104 2068 tamemec

107 2079 241 2150 quoniam
256 2077 354 2136 Numa
375 2079 404 2135 in
424 2097 495 2154 pace
516 2077 668 2154 religiones
689 2077 865 2144 instituisset,
881 2095 941 2154 ause
961 2077 1070 2134 bellicae
1170 2113 1173 2120 ·

108 2155 279 2214 caerimoniae
293 2157 478 2232 proderentur
490 2175 496 2224 ;
519 2175 574 2213 nec
585 2165 751 2232 gererentur
759 2153 857 2225 schim,
870 2155 919 2212 sed
931 2155 1017 2212 etiam
1029 2155 1070 2212 in·

107 2233 271 2308 dicerentur
285 2235 359 2290 bella
373 2235 466 2308 aliquo
480 2235 552 2302 ritu;
570 2233 617 2310 jus
628 2233 664 2290 ab
678 2233 794 2308 antiqua
803 2244 890 2308 gente
902 2233 1068 2308 AEquicolis‚

88 2311 181 2384 ,quod
203 2331 282 2369 nunc
306 2311 421 2368 feciales
445 2312 559 2382 habent,
585 2311 742 2386 descripsit,
766 2330 822 2385 quo
836 2330 881 2368 res
894 2322 1068 2386 repetuntur.

45 2378 242 2465 sicgarus,
267 2389 316 2447 ubi
340 2390 469 2448 adfines
495 2409 592 2448 eorum
616 2390 703 2456 venit,
727 2390 804 2444 unde
828 2408 872 2446 res
893 2399 1103 2464 repetuntur,as

106 2469 199 2543 cupite
214 2469 304 2526 velato
318 2467 365 2525 filo
388 2467 475 2543 (lanae
489 2469 617 2526 velamen
630 2468 698 2545 est),
726 2471 744 2502 “
757 2467 845 2539 Audi,
860 2467 878 2524 J
881 2467 1000 2542 upiter‚”
1026 2468 1069 2524 in-

105 2547 165 2620 quit
177 2567 184 2616 ;
206 2549 224 2582 “
236 2544 342 2614 audite,
358 2546 429 2604 lines
438 2547 454 2573 ''
481 2545 700 2622 (cujuscumque
724 2545 818 2621 gentis
832 2557 898 2602 sunt
911 2546 1067 2622 nominat);

106 2628 125 2660 “
137 2625 235 2683 audiat
255 2625 306 2682 sas.
348 2625 411 2700 Ego
432 2631 495 2692 suin
516 2625 648 2700 publicus
666 2625 784 2682 nuntius
804 2624 900 2698 populi
921 2624 1067 2681 Romani:

105 2706 124 2740 “
132 2703 207 2778 juste
222 2704 324 2780 pieque
338 2704 447 2779 legatus
461 2704 551 2772 venie,
568 2703 714 2777 verbisque
728 2703 799 2760 meis
812 2702 883 2759 fides
896 2702 961 2758 sit.''
1003 2703 1068 2760 l‘er·

105 2783 165 2858 agit
179 2781 283 2840 deinde
297 2782 446 2858 postulata.
487 2781 560 2840 lnde
574 2781 672 2842 Jovem
695 2791 797 2838 testem
811 2781 898 2838 sacit:
939 2781 999 2837 “Si
1013 2799 1067 2856 ego
1076 2798 1102 2838 so

105 2861 240 2936 “injuste
255 2860 397 2936 impieque
421 2861 484 2917 illos
508 2860 637 2916 homines
652 2860 768 2934 illasque
782 2878 828 2916 res
848 2859 946 2918 dedier
967 2861 1067 2918 nuntio

105 2938 231 3014 “populi
256 2939 383 2996 Romani
406 2939 477 2996 mihi
490 2950 708 3018 expos00‚<tum
721 2939 819 3013 patriae
840 2948 999 3012 compotem
1020 2957 1066 2996 me

104 3019 281 3092 “nunquam
304 3017 368 3074 siris
393 3017 506 3106 seseq*
541 3016 623 3089 Haec,
641 3035 739 3090 quum
768 3015 839 3072 fines
859 3017 1068 3090 suprascandit,

104 3095 167 3152 haec
190 3096 362 3170 quicumque
384 3096 410 3152 ei
433 3113 539 3170 prrmus
559 3095 601 3152 vir
620 3095 720 3154 obvius
744 3093 837 3161 suerit,
865 3095 935 3166 haec,
957 3106 1066 3170 portam

105 3173 279 3248 ingrediens,
303 3174 374 3244 haec,
402 3173 493 3230 forum
520 3173 672 3248 ingressus,
699 3172 798 3248 paucis
818 3173 911 3230 verbis
932 3174 1101 3232 carminisss

41 3299 45 3306 .
105 3251 344 3327 concipiendique
355 3251 541 3327 jurisjurandi
557 3252 682 3318 mutatis,
697 3251 815 3326 peragit.
846 3251 878 3308 Si
892 3252 1067 3310 nondedun·
1126 3264 1130 3269 ’

104 3341 160 3397 tur,
174 3350 243 3406 quos
254 3329 391 3405 exposcit,
403 3329 504 3386 diebus
517 3329 606 3386 tribus
618 3341 646 3388 et
656 3329 773 3404 triginta
784 3330 838 3404 (tot
846 3330 922 3386 enim
935 3329 1067 3388 solennes

105 3410 184 3488 sunt)
199 3407 332 3484 peractis,
357 3407 462 3466 bellum
484 3407 523 3466 ita
547 3407 667 3466 indicit:
708 3413 727 3443 “
738 3409 825 3478 Audi,
848 3409 968 3484 Jupiter,
983 3421 1011 3466 et
1024 3421 1065 3478 tu,

105 3489 124 3524 “
136 3487 223 3560 June,
236 3486 372 3555 Quirine,
387 3485 490 3561 Diique
511 3505 610 3554 omnes
631 3487 770 3554 celestes,
793 3505 896 3562 vosque
909 3497 1065 3560 terrestres,

105 3567 124 3602 “
136 3585 240 3642 vosque
255 3565 369 3633 inserui,
385 3565 489 3638 audite.
530 3565 594 3641 Ego
616 3585 663 3624 vos
683 3576 781 3637 testor,
802 3565 937 3640 populum
959 3565 1101 3630 illum”4a

107 3643 361 3722 (quicumqueest,
375 3644 516 3722 nominat)
531 3647 549 3678 ‘⁶
562 3644 699 3721 injustum
713 3661 786 3710 esse,
801 3661 893 3718 neque
904 3644 951 3718 jus
963 3646 1068 3720 persol-

105 3727 125 3760 “
138 3742 212 3782 rere.
255 3723 313 3782 Sed
334 3724 370 3780 dc
392 3722 452 3780 istis
472 3723 556 3780 rebus
570 3723 599 3780 in
617 3723 707 3798 patriai
720 3721 842 3797 majores
856 3733 925 3780 natu
939 3721 1068 3781 consule·

106 3805 125 3838 “
137 3822 210 3876 mus,
224 3821 280 3878 quo
293 3813 377 3879 pacto
388 3801 433 3878 jus
447 3812 573 3860 nostrum
588 3800 805 3878 adipiscamur.’'
848 3800 923 3860 Curn
938 3802 982 3860 his
997 3821 1069 3861 nun·
