<?xml version="1.0" encoding="UTF-8"?>
<!DOCTYPE html PUBLIC "-//W3C//DTD XHTML 1.0 Transitional//EN"
    "http://www.w3.org/TR/xhtml1/DTD/xhtml1-transitional.dtd">
<html xmlns="http://www.w3.org/1999/xhtml" xml:lang="en" lang="en">
 <head>
  <title>
</title>
<meta http-equiv="Content-Type" content="text/html;charset=utf-8" />
  <meta name='ocr-system' content='tesseract 3.04.00' />
  <meta name='ocr-capabilities' content='ocr_page ocr_carea ocr_par ocr_line ocrx_word'/>
</head>
<body>
  <div class='ocr_page' id='page_1' title='image "./historiarumetse01livygoog_0031.png"; bbox 0 0 2632 4224; ppageno 0'>
   <div class='ocr_carea' id='block_1_1' title="bbox 141 295 700 398">
    <p class='ocr_par' dir='ltr' id='par_1_1' title="bbox 141 295 700 398">
     <span class='ocr_line' id='line_1_1' title="bbox 141 295 700 398; baseline -0.004 0"><span class='ocrx_word' id='word_1_1' title='bbox 141 339 179 398; x_wconf 80' lang='grc'>14</span> <span class='ocrx_word' id='word_1_2' title='bbox 409 295 420 316; x_wconf 43' lang='lat'><em>⁶</em></span> <span class='ocrx_word' id='word_1_3' title='bbox 530 343 599 394; x_wconf 79' lang='lat' dir='ltr'>TITI</span> <span class='ocrx_word' id='word_1_4' title='bbox 615 345 700 396; x_wconf 78' lang='lat' dir='ltr'>nltut</span> 
     </span>
    </p>
   </div>
   <div class='ocr_carea' id='block_1_2' title="bbox 62 479 1184 1955">
    <p class='ocr_par' dir='ltr' id='par_1_2' title="bbox 93 479 1184 1108">
     <span class='ocr_line' id='line_1_2' title="bbox 93 479 1176 564; baseline 0.016 -29"><span class='ocrx_word' id='word_1_5' title='bbox 93 493 94 496; x_wconf 74' lang='grc'>’</span> <span class='ocrx_word' id='word_1_6' title='bbox 139 479 189 546; x_wconf 92' lang='lat' dir='ltr'>mi,</span> <span class='ocrx_word' id='word_1_7' title='bbox 204 481 367 539; x_wconf 87' lang='lat' dir='ltr'>certaminis</span> <span class='ocrx_word' id='word_1_8' title='bbox 381 484 441 541; x_wconf 90' lang='lat' dir='ltr'>fuit.</span> <span class='ocrx_word' id='word_1_9' title='bbox 482 484 606 562; x_wconf 81' lang='lat' dir='ltr'>Utroque</span> <span class='ocrx_word' id='word_1_10' title='bbox 621 486 739 545; x_wconf 85' lang='lat' dir='ltr'>coloniae</span> <span class='ocrx_word' id='word_1_11' title='bbox 753 489 864 547; x_wconf 82' lang='lat' dir='ltr'>missae:</span> <span class='ocrx_word' id='word_1_12' title='bbox 885 489 979 564; x_wconf 89' lang='lat' dir='ltr'>plures</span> <span class='ocrx_word' id='word_1_13' title='bbox 998 492 1096 552; x_wconf 80' lang='lat' dir='ltr'>inren-</span> <span class='ocrx_word' id='word_1_14' title='bbox 1172 510 1176 518; x_wconf 66' lang='lat'>‘</span> 
     </span>
     <span class='ocr_line' id='line_1_3' title="bbox 140 557 1184 636; baseline 0.017 -24"><span class='ocrx_word' id='word_1_15' title='bbox 140 557 171 627; x_wconf 86' lang='lat' dir='ltr'>ti,</span> <span class='ocrx_word' id='word_1_16' title='bbox 188 559 245 631; x_wconf 92' lang='lat' dir='ltr'>qui,</span> <span class='ocrx_word' id='word_1_17' title='bbox 267 572 379 634; x_wconf 91' lang='lat' dir='ltr'>propter</span> <span class='ocrx_word' id='word_1_18' title='bbox 402 563 557 619; x_wconf 86' lang='lat' dir='ltr'>ubertatem</span> <span class='ocrx_word' id='word_1_19' title='bbox 579 577 668 636; x_wconf 70' lang='lat' dir='ltr'>terrae,</span> <span class='ocrx_word' id='word_1_20' title='bbox 692 567 720 621; x_wconf 94' lang='lat' dir='ltr'>in</span> <span class='ocrx_word' id='word_1_21' title='bbox 743 567 958 626; x_wconf 87' lang='lat' dir='ltr'>Crustuminum</span> <span class='ocrx_word' id='word_1_22' title='bbox 980 570 1129 635; x_wconf 64' lang='lat' dir='ltr'>nomina?</span> <span class='ocrx_word' id='word_1_23' title='bbox 1179 621 1184 630; x_wconf 93' lang='lat'>.</span> 
     </span>
     <span class='ocr_line' id='line_1_4' title="bbox 140 635 1122 721; baseline 0.016 -32"><span class='ocrx_word' id='word_1_24' title='bbox 140 635 256 692; x_wconf 90' lang='lat' dir='ltr'>darent:</span> <span class='ocrx_word' id='word_1_25' title='bbox 279 649 307 693; x_wconf 91' lang='lat' dir='ltr'>et</span> <span class='ocrx_word' id='word_1_26' title='bbox 328 639 450 696; x_wconf 87' lang='lat' dir='ltr'>Romam</span> <span class='ocrx_word' id='word_1_27' title='bbox 474 641 540 696; x_wconf 90' lang='lat' dir='ltr'>inde</span> <span class='ocrx_word' id='word_1_28' title='bbox 559 643 719 715; x_wconf 85' lang='lat' dir='ltr'>frequenter</span> <span class='ocrx_word' id='word_1_29' title='bbox 733 645 883 718; x_wconf 82' lang='lat' dir='ltr'>migratum</span> <span class='ocrx_word' id='word_1_30' title='bbox 897 659 949 712; x_wconf 88' lang='lat' dir='ltr'>est,</span> <span class='ocrx_word' id='word_1_31' title='bbox 965 667 981 703; x_wconf 91' lang='lat' dir='ltr'>a</span> <span class='ocrx_word' id='word_1_32' title='bbox 995 655 1122 721; x_wconf 71' lang='lat' dir='ltr'>paren-9</span> 
     </span>
     <span class='ocr_line' id='line_1_5' title="bbox 136 713 1128 793; baseline 0.015 -26"><span class='ocrx_word' id='word_1_33' title='bbox 136 713 214 768; x_wconf 81' lang='lat' dir='ltr'>tibus</span> <span class='ocrx_word' id='word_1_34' title='bbox 228 715 350 772; x_wconf 66' lang='lat' dir='ltr'>maxime</span> <span class='ocrx_word' id='word_1_35' title='bbox 366 736 400 773; x_wconf 84' lang='lat' dir='ltr'>ac</span> <span class='ocrx_word' id='word_1_36' title='bbox 415 719 575 792; x_wconf 86' lang='lat' dir='ltr'>propinquis</span> <span class='ocrx_word' id='word_1_37' title='bbox 596 731 745 793; x_wconf 86' lang='lat' dir='ltr'>raptarum.</span> <span class='ocrx_word' id='word_1_38' title='bbox 788 723 980 788; x_wconf 79' lang='lat' dir='ltr'>Novissimum</span> <span class='ocrx_word' id='word_1_39' title='bbox 995 726 1030 780; x_wconf 92' lang='lat' dir='ltr'>ab</span> <span class='ocrx_word' id='word_1_40' title='bbox 1044 727 1095 782; x_wconf 90' lang='lat' dir='ltr'>Sa·</span> <span class='ocrx_word' id='word_1_41' title='bbox 1109 713 1128 752; x_wconf 47' lang='grc' dir='ltr'><strong>μ</strong></span> 
     </span>
     <span class='ocr_line' id='line_1_6' title="bbox 139 789 1122 870; baseline 0.014 -25"><span class='ocrx_word' id='word_1_42' title='bbox 139 789 214 846; x_wconf 89' lang='lat' dir='ltr'>binis</span> <span class='ocrx_word' id='word_1_43' title='bbox 228 792 331 849; x_wconf 90' lang='lat' dir='ltr'>bellum</span> <span class='ocrx_word' id='word_1_44' title='bbox 346 807 454 863; x_wconf 81' lang='lat' dir='ltr'>ortum3</span> <span class='ocrx_word' id='word_1_45' title='bbox 469 797 611 870; x_wconf 88' lang='lat' dir='ltr'>multoque</span> <span class='ocrx_word' id='word_1_46' title='bbox 632 799 661 852; x_wconf 93' lang='lat' dir='ltr'>id</span> <span class='ocrx_word' id='word_1_47' title='bbox 676 799 828 856; x_wconf 86' lang='lat' dir='ltr'>maximum</span> <span class='ocrx_word' id='word_1_48' title='bbox 844 801 911 856; x_wconf 88' lang='lat' dir='ltr'>suit:</span> <span class='ocrx_word' id='word_1_49' title='bbox 933 803 1002 858; x_wconf 86' lang='lat' dir='ltr'>nihil</span> <span class='ocrx_word' id='word_1_50' title='bbox 1017 805 1093 858; x_wconf 90' lang='lat' dir='ltr'>enim</span> <span class='ocrx_word' id='word_1_51' title='bbox 1108 803 1122 846; x_wconf 65' lang='grc' dir='ltr'><em>ἲ</em></span> 
     </span>
     <span class='ocr_line' id='line_1_7' title="bbox 139 865 1128 946; baseline 0.015 -24"><span class='ocrx_word' id='word_1_52' title='bbox 139 885 188 940; x_wconf 86' lang='lat' dir='ltr'>per</span> <span class='ocrx_word' id='word_1_53' title='bbox 209 870 279 924; x_wconf 86' lang='lat' dir='ltr'>iram</span> <span class='ocrx_word' id='word_1_54' title='bbox 295 883 342 930; x_wconf 93' lang='lat' dir='ltr'>aut</span> <span class='ocrx_word' id='word_1_55' title='bbox 356 873 537 946; x_wconf 86' lang='lat' dir='ltr'>cupiditatem</span> <span class='ocrx_word' id='word_1_56' title='bbox 561 886 655 930; x_wconf 89' lang='lat' dir='ltr'>aetum</span> <span class='ocrx_word' id='word_1_57' title='bbox 677 887 736 931; x_wconf 88' lang='lat' dir='ltr'>est:</span> <span class='ocrx_word' id='word_1_58' title='bbox 763 897 818 933; x_wconf 88' lang='lat' dir='ltr'>nec</span> <span class='ocrx_word' id='word_1_59' title='bbox 839 881 1024 936; x_wconf 87' lang='lat' dir='ltr'>ostenderunt</span> <span class='ocrx_word' id='word_1_60' title='bbox 1040 865 1128 945; x_wconf 65' lang='lat' dir='ltr'>bel-i,</span> 
     </span>
     <span class='ocr_line' id='line_1_8' title="bbox 138 943 1128 1027; baseline 0.013 -27"><span class='ocrx_word' id='word_1_61' title='bbox 138 943 196 1001; x_wconf 89' lang='lat' dir='ltr'>lum</span> <span class='ocrx_word' id='word_1_62' title='bbox 210 947 297 1019; x_wconf 75' lang='lat' dir='ltr'>pririS,</span> <span class='ocrx_word' id='word_1_63' title='bbox 312 948 396 1020; x_wconf 74' lang='lat' dir='ltr'>qudm</span> <span class='ocrx_word' id='word_1_64' title='bbox 419 951 581 1007; x_wconf 86' lang='lat' dir='ltr'>intulerunt.</span> <span class='ocrx_word' id='word_1_65' title='bbox 624 954 750 1009; x_wconf 91' lang='lat' dir='ltr'>Consilio</span> <span class='ocrx_word' id='word_1_66' title='bbox 770 956 855 1010; x_wconf 88' lang='lat' dir='ltr'>etiam</span> <span class='ocrx_word' id='word_1_67' title='bbox 871 957 983 1012; x_wconf 89' lang='lat' dir='ltr'>additus</span> <span class='ocrx_word' id='word_1_68' title='bbox 1004 945 1128 1027; x_wconf 60' lang='lat' dir='ltr'>dolus}</span> 
     </span>
     <span class='ocr_line' id='line_1_9' title="bbox 139 1023 1093 1108; baseline 0.013 -30"><span class='ocrx_word' id='word_1_69' title='bbox 139 1023 191 1096; x_wconf 68' lang='lat' dir='ltr'>Sp,</span> <span class='ocrx_word' id='word_1_70' title='bbox 204 1023 345 1099; x_wconf 84' lang='lat' dir='ltr'>Tarpejus</span> <span class='ocrx_word' id='word_1_71' title='bbox 359 1027 498 1082; x_wconf 76' lang='lat' dir='ltr'>Romanae</span> <span class='ocrx_word' id='word_1_72' title='bbox 512 1041 633 1102; x_wconf 83' lang='lat' dir='ltr'>praeerat</span> <span class='ocrx_word' id='word_1_73' title='bbox 644 1031 710 1086; x_wconf 88' lang='lat' dir='ltr'>arei.</span> <span class='ocrx_word' id='word_1_74' title='bbox 753 1031 847 1106; x_wconf 91' lang='lat' dir='ltr'>Hujus</span> <span class='ocrx_word' id='word_1_75' title='bbox 863 1033 946 1088; x_wconf 86' lang='lat' dir='ltr'>filiam</span> <span class='ocrx_word' id='word_1_76' title='bbox 956 1035 1093 1108; x_wconf 84' lang='lat' dir='ltr'>virginem</span> 
     </span>
    </p>

    <p class='ocr_par' dir='ltr' id='par_1_3' title="bbox 62 1105 1183 1955">
     <span class='ocr_line' id='line_1_10' title="bbox 62 1105 1092 1184; baseline 0.013 -29"><span class='ocrx_word' id='word_1_77' title='bbox 62 1167 66 1182; x_wconf 64' lang='lat'>,</span> <span class='ocrx_word' id='word_1_78' title='bbox 138 1120 207 1157; x_wconf 79' lang='lat' dir='ltr'>suro</span> <span class='ocrx_word' id='word_1_79' title='bbox 220 1105 374 1177; x_wconf 70' lang='lat' dir='ltr'>corrumpit</span> <span class='ocrx_word' id='word_1_80' title='bbox 387 1105 498 1173; x_wconf 71' lang='lat' dir='ltr'>&#39;satius</span> <span class='ocrx_word' id='word_1_81' title='bbox 509 1117 539 1161; x_wconf 92' lang='lat' dir='ltr'>ut</span> <span class='ocrx_word' id='word_1_82' title='bbox 553 1119 674 1163; x_wconf 77' lang='lat' dir='ltr'>armatos</span> <span class='ocrx_word' id='word_1_83' title='bbox 689 1109 716 1163; x_wconf 92' lang='lat' dir='ltr'>in</span> <span class='ocrx_word' id='word_1_84' title='bbox 733 1127 825 1164; x_wconf 88' lang='lat' dir='ltr'>arcem</span> <span class='ocrx_word' id='word_1_85' title='bbox 839 1111 977 1184; x_wconf 85' lang='lat' dir='ltr'>accipiat:</span> <span class='ocrx_word' id='word_1_86' title='bbox 993 1131 1092 1184; x_wconf 84' lang='lat' dir='ltr'>aquam</span> 
     </span>
     <span class='ocr_line' id='line_1_11' title="bbox 138 1179 1128 1262; baseline 0.01 -29.264"><span class='ocrx_word' id='word_1_87' title='bbox 138 1179 208 1234; x_wconf 80' lang='lat' dir='ltr'>forte</span> <span class='ocrx_word' id='word_1_88' title='bbox 223 1199 257 1254; x_wconf 81' lang='lat' dir='ltr'>ea</span> <span class='ocrx_word' id='word_1_89' title='bbox 271 1191 329 1236; x_wconf 92' lang='lat' dir='ltr'>tum</span> <span class='ocrx_word' id='word_1_90' title='bbox 345 1183 432 1237; x_wconf 88' lang='lat' dir='ltr'>sacris</span> <span class='ocrx_word' id='word_1_91' title='bbox 446 1195 524 1238; x_wconf 84' lang='lat' dir='ltr'>extra</span> <span class='ocrx_word' id='word_1_92' title='bbox 538 1185 643 1240; x_wconf 88' lang='lat' dir='ltr'>moenia</span> <span class='ocrx_word' id='word_1_93' title='bbox 655 1187 772 1258; x_wconf 90' lang='lat' dir='ltr'>petitum</span> <span class='ocrx_word' id='word_1_94' title='bbox 788 1187 866 1242; x_wconf 81' lang='lat' dir='ltr'>ierat.</span> <span class='ocrx_word' id='word_1_95' title='bbox 909 1188 1031 1262; x_wconf 87' lang='lat' dir='ltr'>Accepti</span> <span class='ocrx_word' id='word_1_96' title='bbox 1045 1191 1094 1245; x_wconf 91' lang='lat' dir='ltr'>ob-</span> <span class='ocrx_word' id='word_1_97' title='bbox 1104 1206 1128 1243; x_wconf 84' lang='lat' dir='ltr'>ro</span> 
     </span>
     <span class='ocr_line' id='line_1_12' title="bbox 137 1258 1092 1337; baseline 0.01 -25"><span class='ocrx_word' id='word_1_98' title='bbox 137 1268 228 1314; x_wconf 84' lang='lat' dir='ltr'>rutam</span> <span class='ocrx_word' id='word_1_99' title='bbox 244 1259 329 1314; x_wconf 89' lang='lat' dir='ltr'>armis</span> <span class='ocrx_word' id='word_1_100' title='bbox 343 1258 500 1328; x_wconf 66' lang='lat' dir='ltr'>necavere3</span> <span class='ocrx_word' id='word_1_101' title='bbox 522 1281 572 1316; x_wconf 90' lang='lat' dir='ltr'>seu</span> <span class='ocrx_word' id='word_1_102' title='bbox 594 1273 624 1318; x_wconf 85' lang='lat' dir='ltr'>ut</span> <span class='ocrx_word' id='word_1_103' title='bbox 639 1263 663 1318; x_wconf 84' lang='lat' dir='ltr'>vi</span> <span class='ocrx_word' id='word_1_104' title='bbox 678 1276 760 1336; x_wconf 85' lang='lat' dir='ltr'>capta</span> <span class='ocrx_word' id='word_1_105' title='bbox 774 1263 866 1337; x_wconf 80' lang='lat' dir='ltr'>potiris</span> <span class='ocrx_word' id='word_1_106' title='bbox 881 1284 929 1320; x_wconf 87' lang='lat' dir='ltr'>arx</span> <span class='ocrx_word' id='word_1_107' title='bbox 944 1266 1092 1336; x_wconf 87' lang='lat' dir='ltr'>videretur,</span> 
     </span>
     <span class='ocr_line' id='line_1_13' title="bbox 138 1337 1183 1416; baseline 0.01 -26"><span class='ocrx_word' id='word_1_108' title='bbox 138 1353 188 1390; x_wconf 88' lang='lat' dir='ltr'>seu</span> <span class='ocrx_word' id='word_1_109' title='bbox 203 1337 339 1409; x_wconf 91' lang='lat' dir='ltr'>prodendi</span> <span class='ocrx_word' id='word_1_110' title='bbox 354 1337 475 1411; x_wconf 88' lang='lat' dir='ltr'>exempli</span> <span class='ocrx_word' id='word_1_111' title='bbox 490 1341 587 1404; x_wconf 74' lang='lat' dir='ltr'>causa,</span> <span class='ocrx_word' id='word_1_112' title='bbox 602 1359 638 1395; x_wconf 92' lang='lat' dir='ltr'>ne</span> <span class='ocrx_word' id='word_1_113' title='bbox 653 1341 718 1413; x_wconf 91' lang='lat' dir='ltr'>quid</span> <span class='ocrx_word' id='word_1_114' title='bbox 733 1361 849 1414; x_wconf 84' lang='lat' dir='ltr'>usquam</span> <span class='ocrx_word' id='word_1_115' title='bbox 861 1342 948 1398; x_wconf 89' lang='lat' dir='ltr'>fidum</span> <span class='ocrx_word' id='word_1_116' title='bbox 960 1344 1093 1416; x_wconf 87' lang='lat' dir='ltr'>proditori</span> <span class='ocrx_word' id='word_1_117' title='bbox 1181 1355 1183 1360; x_wconf 90' lang='lat'>&#39;</span> 
     </span>
     <span class='ocr_line' id='line_1_14' title="bbox 137 1415 1094 1492; baseline 0.009 -24"><span class='ocrx_word' id='word_1_118' title='bbox 137 1425 220 1469; x_wconf 83' lang='lat' dir='ltr'>esset.</span> <span class='ocrx_word' id='word_1_119' title='bbox 262 1415 386 1471; x_wconf 86' lang='lat' dir='ltr'>Additur</span> <span class='ocrx_word' id='word_1_120' title='bbox 409 1415 519 1481; x_wconf 86' lang='lat' dir='ltr'>fabulae,</span> <span class='ocrx_word' id='word_1_121' title='bbox 534 1417 609 1489; x_wconf 75' lang='lat' dir='ltr'>quod</span> <span class='ocrx_word' id='word_1_122' title='bbox 631 1417 715 1492; x_wconf 75' lang='lat' dir='ltr'>vulgo</span> <span class='ocrx_word' id='word_1_123' title='bbox 737 1419 836 1490; x_wconf 79' lang='lat' dir='ltr'>Sabini</span> <span class='ocrx_word' id='word_1_124' title='bbox 851 1438 950 1475; x_wconf 88' lang='lat' dir='ltr'>aureas</span> <span class='ocrx_word' id='word_1_125' title='bbox 972 1421 1094 1478; x_wconf 80' lang='lat' dir='ltr'>armillas</span> 
     </span>
     <span class='ocr_line' id='line_1_15' title="bbox 138 1491 1093 1572; baseline 0.007 -26"><span class='ocrx_word' id='word_1_126' title='bbox 138 1491 233 1565; x_wconf 85' lang='lat' dir='ltr'>magni</span> <span class='ocrx_word' id='word_1_127' title='bbox 255 1494 387 1566; x_wconf 88' lang='lat' dir='ltr'>ponderis</span> <span class='ocrx_word' id='word_1_128' title='bbox 409 1493 524 1550; x_wconf 90' lang='lat' dir='ltr'>brachio</span> <span class='ocrx_word' id='word_1_129' title='bbox 545 1495 624 1561; x_wconf 86' lang='lat' dir='ltr'>laevo,</span> <span class='ocrx_word' id='word_1_130' title='bbox 641 1507 852 1570; x_wconf 84' lang='lat' dir='ltr'>gemmatosque</span> <span class='ocrx_word' id='word_1_131' title='bbox 873 1498 978 1572; x_wconf 78' lang='lat' dir='ltr'>magnai</span> <span class='ocrx_word' id='word_1_132' title='bbox 999 1500 1093 1571; x_wconf 85' lang='lat' dir='ltr'>specie</span> 
     </span>
     <span class='ocr_line' id='line_1_16' title="bbox 138 1569 1127 1646; baseline 0.006 -24"><span class='ocrx_word' id='word_1_133' title='bbox 138 1569 258 1624; x_wconf 84' lang='lat' dir='ltr'>annulos</span> <span class='ocrx_word' id='word_1_134' title='bbox 279 1570 438 1635; x_wconf 80' lang='lat' dir='ltr'>habuerint,</span> <span class='ocrx_word' id='word_1_135' title='bbox 453 1572 593 1646; x_wconf 82' lang='lat' dir='ltr'>pepigisse</span> <span class='ocrx_word' id='word_1_136' title='bbox 607 1592 680 1638; x_wconf 89' lang='lat' dir='ltr'>eam,</span> <span class='ocrx_word' id='word_1_137' title='bbox 696 1570 769 1646; x_wconf 89' lang='lat' dir='ltr'>quod</span> <span class='ocrx_word' id='word_1_138' title='bbox 785 1575 814 1629; x_wconf 91' lang='lat' dir='ltr'>in</span> <span class='ocrx_word' id='word_1_139' title='bbox 828 1575 949 1630; x_wconf 82' lang='lat' dir='ltr'>sinistris</span> <span class='ocrx_word' id='word_1_140' title='bbox 963 1577 1093 1632; x_wconf 87' lang='lat' dir='ltr'>manibus</span> <span class='ocrx_word' id='word_1_141' title='bbox 1104 1591 1127 1628; x_wconf 84' lang='lat'>15</span> 
     </span>
     <span class='ocr_line' id='line_1_17' title="bbox 139 1645 1093 1726; baseline 0.008 -26"><span class='ocrx_word' id='word_1_142' title='bbox 139 1646 291 1715; x_wconf 80' lang='lat' dir='ltr'>lraberent3</span> <span class='ocrx_word' id='word_1_143' title='bbox 314 1645 348 1703; x_wconf 78' lang='lat' dir='ltr'>eir</span> <span class='ocrx_word' id='word_1_144' title='bbox 370 1660 451 1704; x_wconf 88' lang='lat' dir='ltr'>scuta</span> <span class='ocrx_word' id='word_1_145' title='bbox 475 1649 513 1704; x_wconf 91' lang='lat' dir='ltr'>illi</span> <span class='ocrx_word' id='word_1_146' title='bbox 536 1669 585 1722; x_wconf 92' lang='lat' dir='ltr'>pro</span> <span class='ocrx_word' id='word_1_147' title='bbox 607 1651 699 1706; x_wconf 88' lang='lat' dir='ltr'>aureis</span> <span class='ocrx_word' id='word_1_148' title='bbox 721 1653 802 1708; x_wconf 89' lang='lat' dir='ltr'>donis</span> <span class='ocrx_word' id='word_1_149' title='bbox 824 1665 967 1726; x_wconf 85' lang='lat' dir='ltr'>congesta.</span> <span class='ocrx_word' id='word_1_150' title='bbox 1010 1655 1093 1722; x_wconf 86' lang='lat' dir='ltr'>Sunt,</span> 
     </span>
     <span class='ocr_line' id='line_1_18' title="bbox 136 1724 1116 1800; baseline 0.008 -22"><span class='ocrx_word' id='word_1_151' title='bbox 136 1724 184 1796; x_wconf 91' lang='lat' dir='ltr'>qui</span> <span class='ocrx_word' id='word_1_152' title='bbox 198 1742 270 1793; x_wconf 86' lang='lat' dir='ltr'>earn,</span> <span class='ocrx_word' id='word_1_153' title='bbox 285 1745 319 1780; x_wconf 85' lang='lat' dir='ltr'>ex</span> <span class='ocrx_word' id='word_1_154' title='bbox 333 1739 417 1798; x_wconf 82' lang='lat' dir='ltr'>pecto</span> <span class='ocrx_word' id='word_1_155' title='bbox 437 1727 567 1782; x_wconf 86' lang='lat' dir='ltr'>tradendi</span> <span class='ocrx_word' id='word_1_156' title='bbox 581 1729 655 1800; x_wconf 89' lang='lat' dir='ltr'>q&#39;nod</span> <span class='ocrx_word' id='word_1_157' title='bbox 680 1729 708 1784; x_wconf 92' lang='lat' dir='ltr'>in</span> <span class='ocrx_word' id='word_1_158' title='bbox 731 1729 850 1784; x_wconf 88' lang='lat' dir='ltr'>sinistris</span> <span class='ocrx_word' id='word_1_159' title='bbox 865 1731 996 1786; x_wconf 92' lang='lat' dir='ltr'>manibus</span> <span class='ocrx_word' id='word_1_160' title='bbox 1009 1741 1093 1797; x_wconf 87' lang='lat' dir='ltr'>esset,</span> <span class='ocrx_word' id='word_1_161' title='bbox 1113 1789 1116 1796; x_wconf 64' lang='grc'><strong>,</strong></span> 
     </span>
     <span class='ocr_line' id='line_1_19' title="bbox 137 1801 1093 1882; baseline 0.008 -26"><span class='ocrx_word' id='word_1_162' title='bbox 137 1801 246 1858; x_wconf 75' lang='lat' dir='ltr'>directo</span> <span class='ocrx_word' id='word_1_163' title='bbox 268 1821 346 1858; x_wconf 88' lang='lat' dir='ltr'>arma</span> <span class='ocrx_word' id='word_1_164' title='bbox 367 1804 470 1877; x_wconf 86' lang='lat' dir='ltr'>petisse</span> <span class='ocrx_word' id='word_1_165' title='bbox 492 1805 608 1874; x_wconf 82' lang='lat' dir='ltr'>dieant3</span> <span class='ocrx_word' id='word_1_166' title='bbox 636 1816 673 1876; x_wconf 86' lang='lat' dir='ltr'>et,</span> <span class='ocrx_word' id='word_1_167' title='bbox 690 1806 788 1862; x_wconf 88' lang='lat' dir='ltr'>fraude</span> <span class='ocrx_word' id='word_1_168' title='bbox 812 1807 899 1862; x_wconf 87' lang='lat' dir='ltr'>visam</span> <span class='ocrx_word' id='word_1_169' title='bbox 923 1827 1018 1882; x_wconf 85' lang='lat' dir='ltr'>agere,</span> <span class='ocrx_word' id='word_1_170' title='bbox 1042 1809 1093 1864; x_wconf 76' lang='lat' dir='ltr'>suri</span> 
     </span>
     <span class='ocr_line' id='line_1_20' title="bbox 137 1879 612 1955; baseline 0.006 -21"><span class='ocrx_word' id='word_1_171' title='bbox 137 1879 226 1953; x_wconf 89' lang='lat' dir='ltr'>ipsam</span> <span class='ocrx_word' id='word_1_172' title='bbox 240 1893 413 1955; x_wconf 88' lang='lat' dir='ltr'>peremptam</span> <span class='ocrx_word' id='word_1_173' title='bbox 428 1882 570 1937; x_wconf 85' lang='lat' dir='ltr'>mercede.</span> <span class='ocrx_word' id='word_1_174' title='bbox 583 1909 590 1922; x_wconf 74' lang='lat'>,</span> <span class='ocrx_word' id='word_1_175' title='bbox 610 1893 612 1900; x_wconf 65' lang='lat'><strong>⁴</strong></span> 
     </span>
    </p>
   </div>
   <div class='ocr_carea' id='block_1_3' title="bbox 129 2029 1174 3836">
    <p class='ocr_par' dir='ltr' id='par_1_4' title="bbox 129 2029 1174 3836">
     <span class='ocr_line' id='line_1_21' title="bbox 176 2029 1127 2114; baseline 0 -20"><span class='ocrx_word' id='word_1_176' title='bbox 176 2037 247 2094; x_wconf 90' lang='lat' dir='ltr'><strong>XII.</strong></span> <span class='ocrx_word' id='word_1_177' title='bbox 269 2037 511 2096; x_wconf 77' lang='lat' dir='ltr'>Tenulretamen</span> <span class='ocrx_word' id='word_1_178' title='bbox 527 2059 621 2096; x_wconf 88' lang='lat' dir='ltr'>arcem</span> <span class='ocrx_word' id='word_1_179' title='bbox 646 2041 764 2096; x_wconf 88' lang='lat' dir='ltr'>Sabini:</span> <span class='ocrx_word' id='word_1_180' title='bbox 787 2051 869 2114; x_wconf 88' lang='lat' dir='ltr'>atquc</span> <span class='ocrx_word' id='word_1_181' title='bbox 893 2039 959 2095; x_wconf 87' lang='lat' dir='ltr'>inde</span> <span class='ocrx_word' id='word_1_182' title='bbox 982 2029 1127 2114; x_wconf 75' lang='lat' dir='ltr'>posternae</span> 
     </span>
     <span class='ocr_line' id='line_1_22' title="bbox 137 2115 1092 2192; baseline 0.002 -22"><span class='ocrx_word' id='word_1_183' title='bbox 137 2115 193 2187; x_wconf 85' lang='lat' dir='ltr'>die,</span> <span class='ocrx_word' id='word_1_184' title='bbox 208 2136 294 2190; x_wconf 92' lang='lat' dir='ltr'>quum</span> <span class='ocrx_word' id='word_1_185' title='bbox 309 2117 459 2174; x_wconf 88' lang='lat' dir='ltr'>Romanus</span> <span class='ocrx_word' id='word_1_186' title='bbox 472 2119 614 2174; x_wconf 89' lang='lat' dir='ltr'>exercitus</span> <span class='ocrx_word' id='word_1_187' title='bbox 628 2119 791 2185; x_wconf 67' lang='lat' dir='ltr'>instructus</span> <span class='ocrx_word' id='word_1_188' title='bbox 806 2119 879 2192; x_wconf 92' lang='lat' dir='ltr'>quod</span> <span class='ocrx_word' id='word_1_189' title='bbox 903 2118 976 2173; x_wconf 87' lang='lat' dir='ltr'>iuter</span> <span class='ocrx_word' id='word_1_190' title='bbox 991 2117 1092 2173; x_wconf 86' lang='lat' dir='ltr'>Palati-</span> 
     </span>
     <span class='ocr_line' id='line_1_23' title="bbox 136 2195 1091 2270; baseline 0 -20"><span class='ocrx_word' id='word_1_191' title='bbox 136 2213 204 2250; x_wconf 93' lang='lat' dir='ltr'>num</span> <span class='ocrx_word' id='word_1_192' title='bbox 230 2195 603 2270; x_wconf 16' lang='lat' dir='ltr'>Capitolinumqueqeollem</span> <span class='ocrx_word' id='word_1_193' title='bbox 631 2197 724 2269; x_wconf 88' lang='lat' dir='ltr'>campi</span> <span class='ocrx_word' id='word_1_194' title='bbox 750 2207 802 2261; x_wconf 88' lang='lat' dir='ltr'>est,</span> <span class='ocrx_word' id='word_1_195' title='bbox 829 2195 1007 2268; x_wconf 64' lang='lat' dir='ltr'>complesset,</span> <span class='ocrx_word' id='word_1_196' title='bbox 1034 2215 1091 2251; x_wconf 90' lang='lat' dir='ltr'>non</span> 
     </span>
     <span class='ocr_line' id='line_1_24' title="bbox 135 2272 1174 2351; baseline 0.001 -24"><span class='ocrx_word' id='word_1_197' title='bbox 135 2272 211 2346; x_wconf 77' lang='lat' dir='ltr'>priris</span> <span class='ocrx_word' id='word_1_198' title='bbox 225 2273 435 2330; x_wconf 87' lang='lat' dir='ltr'>descenderunt</span> <span class='ocrx_word' id='word_1_199' title='bbox 457 2275 485 2330; x_wconf 92' lang='lat' dir='ltr'>in</span> <span class='ocrx_word' id='word_1_200' title='bbox 510 2285 631 2347; x_wconf 77' lang='lat' dir='ltr'>aequum,</span> <span class='ocrx_word' id='word_1_201' title='bbox 652 2273 747 2346; x_wconf 78' lang='lat' dir='ltr'>qudm,</span> <span class='ocrx_word' id='word_1_202' title='bbox 770 2273 812 2328; x_wconf 69' lang='lat' dir='ltr'>irai</span> <span class='ocrx_word' id='word_1_203' title='bbox 832 2285 860 2328; x_wconf 87' lang='lat' dir='ltr'>et</span> <span class='ocrx_word' id='word_1_204' title='bbox 880 2273 1035 2346; x_wconf 86' lang='lat' dir='ltr'>cupiditate</span> <span class='ocrx_word' id='word_1_205' title='bbox 1052 2292 1093 2328; x_wconf 86' lang='lat' dir='ltr'>re·</span> <span class='ocrx_word' id='word_1_206' title='bbox 1172 2347 1174 2351; x_wconf 28' lang='grc' dir='ltr'>Ι</span> 
     </span>
     <span class='ocr_line' id='line_1_25' title="bbox 136 2350 1091 2424; baseline 0 -20"><span class='ocrx_word' id='word_1_207' title='bbox 136 2352 306 2424; x_wconf 70' lang='lat' dir='ltr'>cuperandae</span> <span class='ocrx_word' id='word_1_208' title='bbox 321 2352 394 2406; x_wconf 92' lang='lat' dir='ltr'>arcis</span> <span class='ocrx_word' id='word_1_209' title='bbox 417 2352 578 2408; x_wconf 84' lang='lat' dir='ltr'>stimulante</span> <span class='ocrx_word' id='word_1_210' title='bbox 602 2351 719 2420; x_wconf 88' lang='lat' dir='ltr'>animos,</span> <span class='ocrx_word' id='word_1_211' title='bbox 742 2351 770 2406; x_wconf 90' lang='lat' dir='ltr'>in</span> <span class='ocrx_word' id='word_1_212' title='bbox 793 2351 940 2405; x_wconf 87' lang='lat' dir='ltr'>adversum</span> <span class='ocrx_word' id='word_1_213' title='bbox 965 2350 1091 2413; x_wconf 84' lang='lat' dir='ltr'>Romani</span> 
     </span>
     <span class='ocr_line' id='line_1_26' title="bbox 136 2427 1126 2503; baseline -0.001 -21"><span class='ocrx_word' id='word_1_214' title='bbox 136 2429 256 2484; x_wconf 70' lang='lat' dir='ltr'>subiere.</span> <span class='ocrx_word' id='word_1_215' title='bbox 308 2429 455 2503; x_wconf 81' lang='lat' dir='ltr'>Principes</span> <span class='ocrx_word' id='word_1_216' title='bbox 474 2430 614 2502; x_wconf 86' lang='lat' dir='ltr'>utrimque</span> <span class='ocrx_word' id='word_1_217' title='bbox 635 2448 759 2503; x_wconf 86' lang='lat' dir='ltr'>pugnam</span> <span class='ocrx_word' id='word_1_218' title='bbox 775 2428 906 2496; x_wconf 84' lang='lat' dir='ltr'>ciebant3</span> <span class='ocrx_word' id='word_1_219' title='bbox 928 2427 963 2482; x_wconf 91' lang='lat' dir='ltr'>ab</span> <span class='ocrx_word' id='word_1_220' title='bbox 978 2427 1126 2482; x_wconf 68' lang='lat' dir='ltr'>sabinise</span> 
     </span>
     <span class='ocr_line' id='line_1_27' title="bbox 136 2505 1091 2574; baseline -0.002 -12"><span class='ocrx_word' id='word_1_221' title='bbox 136 2505 245 2562; x_wconf 84' lang='lat' dir='ltr'>Mettus</span> <span class='ocrx_word' id='word_1_222' title='bbox 268 2507 392 2574; x_wconf 73' lang='lat' dir='ltr'>Curtius</span> <span class='ocrx_word' id='word_1_223' title='bbox 408 2509 443 2562; x_wconf 91' lang='lat' dir='ltr'>ab</span> <span class='ocrx_word' id='word_1_224' title='bbox 467 2507 606 2564; x_wconf 90' lang='lat' dir='ltr'>Romanis</span> <span class='ocrx_word' id='word_1_225' title='bbox 632 2505 738 2562; x_wconf 88' lang='lat' dir='ltr'>Hostus</span> <span class='ocrx_word' id='word_1_226' title='bbox 760 2506 907 2562; x_wconf 81' lang='lat' dir='ltr'>Hostilius.</span> <span class='ocrx_word' id='word_1_227' title='bbox 950 2505 1007 2561; x_wconf 89' lang='lat' dir='ltr'>llic</span> <span class='ocrx_word' id='word_1_228' title='bbox 1032 2525 1091 2560; x_wconf 88' lang='lat' dir='ltr'>rem</span> 
     </span>
     <span class='ocr_line' id='line_1_28' title="bbox 136 2583 1091 2659; baseline -0.002 -19"><span class='ocrx_word' id='word_1_229' title='bbox 136 2585 299 2640; x_wconf 88' lang='lat' dir='ltr'>Romanam</span> <span class='ocrx_word' id='word_1_230' title='bbox 313 2585 410 2659; x_wconf 91' lang='lat' dir='ltr'>iniquo</span> <span class='ocrx_word' id='word_1_231' title='bbox 423 2586 485 2642; x_wconf 92' lang='lat' dir='ltr'>loco</span> <span class='ocrx_word' id='word_1_232' title='bbox 500 2586 534 2640; x_wconf 91' lang='lat' dir='ltr'>ad</span> <span class='ocrx_word' id='word_1_233' title='bbox 548 2586 639 2658; x_wconf 90' lang='lat' dir='ltr'>prima</span> <span class='ocrx_word' id='word_1_234' title='bbox 661 2585 743 2658; x_wconf 86' lang='lat' dir='ltr'>signa</span> <span class='ocrx_word' id='word_1_235' title='bbox 766 2585 860 2650; x_wconf 80' lang='lat' dir='ltr'>animo</span> <span class='ocrx_word' id='word_1_236' title='bbox 875 2594 956 2656; x_wconf 82' lang='lat' dir='ltr'>atque</span> <span class='ocrx_word' id='word_1_237' title='bbox 971 2583 1091 2638; x_wconf 64' lang='lat' dir='ltr'>audacia</span> 
     </span>
     <span class='ocr_line' id='line_1_29' title="bbox 137 2661 1093 2733; baseline -0.003 -15"><span class='ocrx_word' id='word_1_238' title='bbox 137 2663 302 2718; x_wconf 88' lang='lat' dir='ltr'>sustinebat.</span> <span class='ocrx_word' id='word_1_239' title='bbox 345 2663 381 2719; x_wconf 91' lang='lat' dir='ltr'>Ut</span> <span class='ocrx_word' id='word_1_240' title='bbox 396 2664 502 2719; x_wconf 89' lang='lat' dir='ltr'>Hostus</span> <span class='ocrx_word' id='word_1_241' title='bbox 517 2663 630 2733; x_wconf 88' lang='lat' dir='ltr'>cecidit,</span> <span class='ocrx_word' id='word_1_242' title='bbox 645 2662 794 2718; x_wconf 81' lang='lat' dir='ltr'>confestim</span> <span class='ocrx_word' id='word_1_243' title='bbox 820 2662 952 2717; x_wconf 87' lang='lat' dir='ltr'>Romana</span> <span class='ocrx_word' id='word_1_244' title='bbox 973 2661 1093 2716; x_wconf 82' lang='lat' dir='ltr'>inclina·</span> 
     </span>
     <span class='ocr_line' id='line_1_30' title="bbox 134 2737 1090 2814; baseline -0.004 -18"><span class='ocrx_word' id='word_1_245' title='bbox 134 2737 181 2796; x_wconf 78' lang='lat' dir='ltr'>¹tur</span> <span class='ocrx_word' id='word_1_246' title='bbox 195 2741 288 2807; x_wconf 80' lang='lat' dir='ltr'>acies3</span> <span class='ocrx_word' id='word_1_247' title='bbox 305 2741 476 2814; x_wconf 70' lang='lat' dir='ltr'>fusaqueeqst</span> <span class='ocrx_word' id='word_1_248' title='bbox 488 2742 521 2796; x_wconf 94' lang='lat' dir='ltr'>ad</span> <span class='ocrx_word' id='word_1_249' title='bbox 534 2752 656 2796; x_wconf 84' lang='lat' dir='ltr'>veterem</span> <span class='ocrx_word' id='word_1_250' title='bbox 667 2737 896 2814; x_wconf 82' lang='lat' dir='ltr'>portamPalatii.</span> <span class='ocrx_word' id='word_1_251' title='bbox 941 2739 1090 2806; x_wconf 90' lang='lat' dir='ltr'>Romulus,</span> 
     </span>
     <span class='ocr_line' id='line_1_31' title="bbox 136 2816 1127 2894; baseline -0.004 -21"><span class='ocrx_word' id='word_1_252' title='bbox 136 2829 164 2874; x_wconf 93' lang='lat' dir='ltr'>et</span> <span class='ocrx_word' id='word_1_253' title='bbox 186 2819 244 2892; x_wconf 89' lang='lat' dir='ltr'>ipse</span> <span class='ocrx_word' id='word_1_254' title='bbox 271 2816 353 2874; x_wconf 77' lang='lat' dir='ltr'>turlnl</span> <span class='ocrx_word' id='word_1_255' title='bbox 380 2819 549 2894; x_wconf 83' lang='lat' dir='ltr'>fugientium</span> <span class='ocrx_word' id='word_1_256' title='bbox 577 2829 664 2884; x_wconf 85' lang='lat' dir='ltr'>actus,</span> <span class='ocrx_word' id='word_1_257' title='bbox 689 2835 767 2872; x_wconf 87' lang='lat' dir='ltr'>arma</span> <span class='ocrx_word' id='word_1_258' title='bbox 788 2817 822 2871; x_wconf 89' lang='lat' dir='ltr'>ad</span> <span class='ocrx_word' id='word_1_259' title='bbox 850 2817 953 2872; x_wconf 86' lang='lat' dir='ltr'>eoelum</span> <span class='ocrx_word' id='word_1_260' title='bbox 980 2816 1127 2880; x_wconf 79' lang='lat' dir='ltr'>tollens,3o</span> 
     </span>
     <span class='ocr_line' id='line_1_32' title="bbox 137 2893 1092 2970; baseline -0.003 -19"><span class='ocrx_word' id='word_1_261' title='bbox 137 2902 154 2927; x_wconf 90' lang='lat'>“</span> <span class='ocrx_word' id='word_1_262' title='bbox 167 2895 287 2970; x_wconf 86' lang='lat' dir='ltr'>Jupiter,</span> <span class='ocrx_word' id='word_1_263' title='bbox 315 2897 402 2962; x_wconf 89' lang='lat' dir='ltr'>tuis,’&#39;</span> <span class='ocrx_word' id='word_1_264' title='bbox 430 2897 527 2970; x_wconf 88' lang='lat' dir='ltr'>inquit,</span> <span class='ocrx_word' id='word_1_265' title='bbox 564 2897 681 2970; x_wconf 89' lang='lat' dir='ltr'>“jussus</span> <span class='ocrx_word' id='word_1_266' title='bbox 709 2895 807 2950; x_wconf 82' lang='lat' dir='ltr'>avibus</span> <span class='ocrx_word' id='word_1_267' title='bbox 840 2894 887 2949; x_wconf 90' lang='lat' dir='ltr'>hic</span> <span class='ocrx_word' id='word_1_268' title='bbox 921 2895 950 2950; x_wconf 91' lang='lat' dir='ltr'>in</span> <span class='ocrx_word' id='word_1_269' title='bbox 984 2893 1092 2948; x_wconf 84' lang='lat' dir='ltr'>Palatio</span> 
     </span>
     <span class='ocr_line' id='line_1_33' title="bbox 137 2963 1093 3048; baseline -0.005 -18"><span class='ocrx_word' id='word_1_270' title='bbox 137 2975 256 3048; x_wconf 89' lang='lat' dir='ltr'>“prima</span> <span class='ocrx_word' id='word_1_271' title='bbox 275 2975 336 3030; x_wconf 92' lang='lat' dir='ltr'>urbi</span> <span class='ocrx_word' id='word_1_272' title='bbox 358 2975 542 3030; x_wconf 85' lang='lat' dir='ltr'>fundamenta</span> <span class='ocrx_word' id='word_1_273' title='bbox 560 2963 646 3048; x_wconf 54' lang='lat' dir='ltr'>jeci!</span> <span class='ocrx_word' id='word_1_274' title='bbox 669 2978 775 3028; x_wconf 89' lang='lat' dir='ltr'>Arcem</span> <span class='ocrx_word' id='word_1_275' title='bbox 794 2973 861 3046; x_wconf 86' lang='lat' dir='ltr'>jam,</span> <span class='ocrx_word' id='word_1_276' title='bbox 886 2971 992 3028; x_wconf 82' lang='lat' dir='ltr'>scelere</span> <span class='ocrx_word' id='word_1_277' title='bbox 1016 2989 1093 3044; x_wconf 88' lang='lat' dir='ltr'>emp-</span> 
     </span>
     <span class='ocr_line' id='line_1_34' title="bbox 137 3049 1092 3122; baseline -0.005 -14"><span class='ocrx_word' id='word_1_278' title='bbox 137 3058 232 3120; x_wconf 85' lang='lat' dir='ltr'>“tam,</span> <span class='ocrx_word' id='word_1_279' title='bbox 258 3053 357 3110; x_wconf 91' lang='lat' dir='ltr'>Sabini</span> <span class='ocrx_word' id='word_1_280' title='bbox 385 3053 505 3108; x_wconf 84' lang='lat' dir='ltr'>habent:</span> <span class='ocrx_word' id='word_1_281' title='bbox 537 3052 603 3107; x_wconf 92' lang='lat' dir='ltr'>inde</span> <span class='ocrx_word' id='word_1_282' title='bbox 630 3051 686 3106; x_wconf 91' lang='lat' dir='ltr'>huc</span> <span class='ocrx_word' id='word_1_283' title='bbox 710 3051 819 3114; x_wconf 86' lang='lat' dir='ltr'>armati,</span> <span class='ocrx_word' id='word_1_284' title='bbox 841 3051 970 3122; x_wconf 71' lang='lat' dir='ltr'>superata</span> <span class='ocrx_word' id='word_1_285' title='bbox 997 3049 1092 3104; x_wconf 66' lang='lat' dir='ltr'>media</span> 
     </span>
     <span class='ocr_line' id='line_1_35' title="bbox 137 3126 1091 3200; baseline -0.004 -16"><span class='ocrx_word' id='word_1_286' title='bbox 137 3131 246 3200; x_wconf 70' lang='lat' dir='ltr'>“valle</span> <span class='ocrx_word' id='word_1_287' title='bbox 271 3132 399 3186; x_wconf 87' lang='lat' dir='ltr'>tendunt.</span> <span class='ocrx_word' id='word_1_288' title='bbox 449 3130 489 3185; x_wconf 83' lang='lat' dir='ltr'>At</span> <span class='ocrx_word' id='word_1_289' title='bbox 509 3139 549 3200; x_wconf 80' lang='lat' dir='ltr'>tu,</span> <span class='ocrx_word' id='word_1_290' title='bbox 574 3129 656 3184; x_wconf 87' lang='lat' dir='ltr'>Pater</span> <span class='ocrx_word' id='word_1_291' title='bbox 676 3129 765 3184; x_wconf 81' lang='lat' dir='ltr'>Deum</span> <span class='ocrx_word' id='word_1_292' title='bbox 790 3127 1002 3200; x_wconf 89' lang='lat' dir='ltr'>hominumque,</span> <span class='ocrx_word' id='word_1_293' title='bbox 1024 3126 1091 3180; x_wconf 88' lang='lat' dir='ltr'>hinc</span> 
     </span>
     <span class='ocr_line' id='line_1_36' title="bbox 136 3204 1126 3280; baseline -0.002 -16"><span class='ocrx_word' id='word_1_294' title='bbox 136 3210 264 3264; x_wconf 83' lang='lat' dir='ltr'>“saltem</span> <span class='ocrx_word' id='word_1_295' title='bbox 292 3229 356 3264; x_wconf 90' lang='lat' dir='ltr'>arce</span> <span class='ocrx_word' id='word_1_296' title='bbox 384 3210 493 3264; x_wconf 88' lang='lat' dir='ltr'>hostes:</span> <span class='ocrx_word' id='word_1_297' title='bbox 527 3209 609 3263; x_wconf 87' lang='lat' dir='ltr'>deme</span> <span class='ocrx_word' id='word_1_298' title='bbox 635 3218 770 3280; x_wconf 83' lang='lat' dir='ltr'>terrorem</span> <span class='ocrx_word' id='word_1_299' title='bbox 797 3205 955 3271; x_wconf 86' lang='lat' dir='ltr'>Romanis3</span> <span class='ocrx_word' id='word_1_300' title='bbox 985 3204 1126 3278; x_wconf 74' lang='lat' dir='ltr'>lugam-35</span> 
     </span>
     <span class='ocr_line' id='line_1_37' title="bbox 129 3281 1091 3361; baseline -0.006 -19"><span class='ocrx_word' id='word_1_301' title='bbox 129 3297 221 3361; x_wconf 85' lang='lat' dir='ltr'>.“que</span> <span class='ocrx_word' id='word_1_302' title='bbox 243 3288 346 3344; x_wconf 85' lang='lat' dir='ltr'>foedam</span> <span class='ocrx_word' id='word_1_303' title='bbox 368 3287 444 3342; x_wconf 89' lang='lat' dir='ltr'>siste.</span> <span class='ocrx_word' id='word_1_304' title='bbox 487 3286 545 3342; x_wconf 92' lang='lat' dir='ltr'>Hic</span> <span class='ocrx_word' id='word_1_305' title='bbox 569 3305 622 3360; x_wconf 76' lang='lat' dir='ltr'>ego</span> <span class='ocrx_word' id='word_1_306' title='bbox 648 3285 698 3340; x_wconf 91' lang='lat' dir='ltr'>tibi</span> <span class='ocrx_word' id='word_1_307' title='bbox 725 3284 860 3358; x_wconf 84' lang='lat' dir='ltr'>templum</span> <span class='ocrx_word' id='word_1_308' title='bbox 888 3281 991 3339; x_wconf 86' lang='lat' dir='ltr'>Statori</span> <span class='ocrx_word' id='word_1_309' title='bbox 1018 3281 1091 3352; x_wconf 82' lang='lat' dir='ltr'>lovi,</span> 
     </span>
     <span class='ocr_line' id='line_1_38' title="bbox 136 3361 1091 3440; baseline -0.01 -17"><span class='ocrx_word' id='word_1_310' title='bbox 136 3376 154 3402; x_wconf 78' lang='lat'>‘⁴</span> <span class='ocrx_word' id='word_1_311' title='bbox 166 3367 241 3440; x_wconf 90' lang='lat' dir='ltr'>quod</span> <span class='ocrx_word' id='word_1_312' title='bbox 255 3376 469 3422; x_wconf 89' lang='lat' dir='ltr'>monumentum</span> <span class='ocrx_word' id='word_1_313' title='bbox 484 3365 520 3420; x_wconf 87' lang='lat' dir='ltr'>sit</span> <span class='ocrx_word' id='word_1_314' title='bbox 537 3363 665 3438; x_wconf 86' lang='lat' dir='ltr'>posteris,</span> <span class='ocrx_word' id='word_1_315' title='bbox 680 3363 728 3418; x_wconf 70' lang='lat' dir='ltr'>tud</span> <span class='ocrx_word' id='word_1_316' title='bbox 742 3361 873 3436; x_wconf 82' lang='lat' dir='ltr'>praesenti</span> <span class='ocrx_word' id='word_1_317' title='bbox 887 3379 939 3436; x_wconf 91' lang='lat' dir='ltr'>ope</span> <span class='ocrx_word' id='word_1_318' title='bbox 953 3371 1091 3416; x_wconf 80' lang='lat' dir='ltr'>servatam</span> 
     </span>
     <span class='ocr_line' id='line_1_39' title="bbox 136 3439 1091 3516; baseline -0.01 -16"><span class='ocrx_word' id='word_1_319' title='bbox 136 3455 154 3480; x_wconf 78' lang='lat'>‘¹</span> <span class='ocrx_word' id='word_1_320' title='bbox 167 3446 266 3500; x_wconf 86' lang='lat' dir='ltr'>urbem</span> <span class='ocrx_word' id='word_1_321' title='bbox 289 3463 360 3514; x_wconf 87' lang='lat' dir='ltr'>esse,</span> <span class='ocrx_word' id='word_1_322' title='bbox 388 3443 504 3500; x_wconf 87' lang='lat' dir='ltr'>voveo.’&#39;</span> <span class='ocrx_word' id='word_1_323' title='bbox 546 3443 618 3498; x_wconf 85' lang='lat' dir='ltr'>Haec</span> <span class='ocrx_word' id='word_1_324' title='bbox 638 3451 778 3516; x_wconf 88' lang='lat' dir='ltr'>precatus,</span> <span class='ocrx_word' id='word_1_325' title='bbox 803 3439 887 3496; x_wconf 87' lang='lat' dir='ltr'>veluti</span> <span class='ocrx_word' id='word_1_326' title='bbox 912 3439 934 3494; x_wconf 89' lang='lat' dir='ltr'>si</span> <span class='ocrx_word' id='word_1_327' title='bbox 958 3439 1091 3493; x_wconf 85' lang='lat' dir='ltr'>sensisset</span> 
     </span>
     <span class='ocr_line' id='line_1_40' title="bbox 135 3515 1091 3597; baseline -0.012 -18"><span class='ocrx_word' id='word_1_328' title='bbox 135 3523 246 3579; x_wconf 87' lang='lat' dir='ltr'>auditas</span> <span class='ocrx_word' id='word_1_329' title='bbox 259 3541 367 3597; x_wconf 84' lang='lat' dir='ltr'>preces,</span> <span class='ocrx_word' id='word_1_330' title='bbox 384 3533 402 3557; x_wconf 76' lang='lat'>‘⁶</span> <span class='ocrx_word' id='word_1_331' title='bbox 413 3521 521 3592; x_wconf 86' lang='lat' dir='ltr'>Hinc,&#39;&#39;</span> <span class='ocrx_word' id='word_1_332' title='bbox 536 3519 634 3594; x_wconf 89' lang='lat' dir='ltr'>inquit,</span> <span class='ocrx_word' id='word_1_333' title='bbox 658 3523 675 3549; x_wconf 90' lang='lat'><strong>“</strong></span> <span class='ocrx_word' id='word_1_334' title='bbox 685 3517 821 3583; x_wconf 87' lang='lat' dir='ltr'>Romnui,</span> <span class='ocrx_word' id='word_1_335' title='bbox 836 3517 946 3591; x_wconf 89' lang='lat' dir='ltr'>Jupiter</span> <span class='ocrx_word' id='word_1_336' title='bbox 957 3515 1091 3588; x_wconf 83' lang='lat' dir='ltr'>Optimus</span> 
     </span>
     <span class='ocr_line' id='line_1_41' title="bbox 136 3591 1127 3672; baseline -0.01 -14"><span class='ocrx_word' id='word_1_337' title='bbox 136 3601 310 3658; x_wconf 83' lang='lat' dir='ltr'>“Maximus</span> <span class='ocrx_word' id='word_1_338' title='bbox 331 3602 460 3657; x_wconf 85' lang='lat' dir='ltr'>resistere</span> <span class='ocrx_word' id='word_1_339' title='bbox 474 3610 556 3672; x_wconf 81' lang='lat' dir='ltr'>atque</span> <span class='ocrx_word' id='word_1_340' title='bbox 578 3599 679 3653; x_wconf 86' lang='lat' dir='ltr'>iterare</span> <span class='ocrx_word' id='word_1_341' title='bbox 702 3615 827 3670; x_wconf 85' lang='lat' dir='ltr'>pugnam</span> <span class='ocrx_word' id='word_1_342' title='bbox 846 3594 953 3670; x_wconf 83' lang='lat' dir='ltr'>jubet.’&#39;</span> <span class='ocrx_word' id='word_1_343' title='bbox 997 3591 1127 3648; x_wconf 75' lang='lat' dir='ltr'>Resti-ro</span> 
     </span>
     <span class='ocr_line' id='line_1_42' title="bbox 134 3672 1092 3752; baseline -0.013 -16"><span class='ocrx_word' id='word_1_344' title='bbox 134 3683 192 3736; x_wconf 65' lang='lat' dir='ltr'>tire</span> <span class='ocrx_word' id='word_1_345' title='bbox 209 3681 343 3746; x_wconf 88' lang='lat' dir='ltr'>Romani,</span> <span class='ocrx_word' id='word_1_346' title='bbox 357 3691 499 3752; x_wconf 86' lang='lat' dir='ltr'>tamquam</span> <span class='ocrx_word' id='word_1_347' title='bbox 515 3676 621 3732; x_wconf 88' lang='lat' dir='ltr'>coelesti</span> <span class='ocrx_word' id='word_1_348' title='bbox 637 3693 704 3730; x_wconf 85' lang='lat' dir='ltr'>voce</span> <span class='ocrx_word' id='word_1_349' title='bbox 723 3675 811 3748; x_wconf 81' lang='lat' dir='ltr'>jussi:</span> <span class='ocrx_word' id='word_1_350' title='bbox 833 3675 891 3748; x_wconf 91' lang='lat' dir='ltr'>ipse</span> <span class='ocrx_word' id='word_1_351' title='bbox 906 3672 1092 3746; x_wconf 86' lang='lat' dir='ltr'>adprimores</span> 
     </span>
     <span class='ocr_line' id='line_1_43' title="bbox 135 3749 1092 3836; baseline -0.014 -21"><span class='ocrx_word' id='word_1_352' title='bbox 135 3759 422 3836; x_wconf 82' lang='lat' dir='ltr'>Romulusprovolat.</span> <span class='ocrx_word' id='word_1_353' title='bbox 466 3751 572 3812; x_wconf 86' lang='lat' dir='ltr'>Mettus</span> <span class='ocrx_word' id='word_1_354' title='bbox 595 3753 711 3810; x_wconf 86' lang='lat' dir='ltr'>Curtius</span> <span class='ocrx_word' id='word_1_355' title='bbox 725 3753 760 3808; x_wconf 87' lang='lat' dir='ltr'>ab</span> <span class='ocrx_word' id='word_1_356' title='bbox 782 3752 897 3808; x_wconf 84' lang='lat' dir='ltr'>Sabinis</span> <span class='ocrx_word' id='word_1_357' title='bbox 911 3751 1042 3826; x_wconf 87' lang='lat' dir='ltr'>princeps</span> <span class='ocrx_word' id='word_1_358' title='bbox 1056 3749 1092 3804; x_wconf 89' lang='lat' dir='ltr'>ab</span> 
     </span>
    </p>
   </div>
   <div class='ocr_carea' id='block_1_4' title="bbox 0 0 1320 4224">
    <p class='ocr_par' dir='ltr' id='par_1_5' title="bbox 0 0 1320 4224">
     <span class='ocr_line' id='line_1_44' title="bbox 0 0 1320 4224; baseline 0 0"><span class='ocrx_word' id='word_1_359' title='bbox 0 0 1320 4224; x_wconf 95' lang='lat' dir='ltr'> </span> 
     </span>
    </p>
   </div>
  </div>
 </body>
</html>
