2638 4222
550 385 653 437 LIBER
670 383 703 432 11.
737 397 799 432 cur.
810 398 853 432 ιι.
884 379 888 386 ’
1139 389 1179 446 79

211 527 231 561 “
242 527 251 560 ‘
261 525 308 584 illa
323 523 429 582 rutenia
437 524 538 582 domus
550 544 584 581 ao
593 535 710 599 penates
722 525 777 581 mei
788 535 864 597 sunt,
872 534 971 597 mater,
981 523 1098 600 conjux,
1108 526 1178 583 libe·

210 607 230 639 “
244 604 356 678 ‘rique’
368 604 380 660 i
416 602 500 676 Ergo,
510 621 564 677 ego
573 603 626 658 nisi
637 603 821 676 peperissem,
831 603 925 659 Rome
934 622 990 659 non
999 622 1177 678 oppugnare·

210 685 230 718 “
242 693 306 750 tur;
329 680 382 737 nisi
397 679 486 736 filium
501 681 645 745 haberem,
661 679 792 777 iiberaljn
819 681 893 757 iberi
908 681 995 774 butri&
1010 693 1121 738 mortua
1134 700 1177 736 os·

211 763 314 816 “sem.
356 758 414 814 Sed
435 776 490 832 ego
511 758 581 814 nihii
593 757 651 832 jam
667 757 735 832 peti,
750 752 869 814 neb'tibi
884 752 993 832 turpius
1006 760 1090 832 quoru
1106 759 1177 816 mihi

189 841 232 891 5“
243 836 382 901 miserim,
396 853 529 910 possunt:
552 854 616 900 noo,
632 831 729 890 ut‘sim
745 835 912 902 miserrima,
932 836 981 892 diu
997 836 1090 893 futuro
1104 857 1176 894 suru.

211 921 233 953 ‘⁶
245 914 289 970 De
304 914 348 970 his
362 912 484 981 videris;
505 932 541 986 qu
562 932 585 978 s,
600 913 624 968 si
634 913 737 986 pergis,
750 922 798 967 uut
808 913 958 990 immatura
967 933 1049 984 mors,
1061 926 1108 970 out
1119 916 1178 972 lon·

212 999 231 1030 ‘⁶
241 1010 278 1067 ga
292 991 412 1048 servitus
426 933 658 1080 manet'hbror
668 989 772 1045 deiude
782 1009 816 1045 ao
826 990 907 1046 liberi
922 991 1061 1064 amplexi:
1084 991 1178 1048 fletus-

210 1089 266 1145 que
281 1069 316 1125 ub
329 1068 407 1126 omni
421 1069 503 1124 turbt
517 1068 667 1124 mulierum
681 1078 769 1132 ortus,
780 1078 808 1124 et
820 1068 1003 1142 comploratio
1012 1069 1055 1124 sui
1070 1071 1179 1144 patriae·

211 1166 278 1222 que,
293 1147 404 1222 fregere
418 1146 533 1202 taudem
554 1146 661 1202 virum:
683 1145 848 1219 complexus
869 1145 936 1200 inde
957 1165 1023 1201 suos
1044 1147 1176 1204 dimittit:

177 1239 202 1278 ro
213 1226 274 1300 ipse
287 1235 361 1282 retro
375 1223 410 1280 ab
423 1223 500 1280 Urbe
524 1234 617 1280 costra
631 1224 725 1279 movit.
769 1222 909 1279 Abductis
931 1223 1035 1280 deinde
1060 1224 1165 1299 legioni

176 1359 180 1364 .
213 1305 266 1360 bus
280 1322 315 1358 ex
329 1321 396 1377 agro
413 1302 552 1371 Romano
569 1301 675 1356 invidie
690 1301 730 1356 rei
741 1319 907 1376 oppressum
918 1301 1034 1375 periisse
1043 1304 1176 1370 tradunt3

212 1381 260 1438 alii
275 1381 329 1437 alio
350 1381 415 1436 leto.
463 1380 549 1454 Apud
573 1377 705 1444 Fabium,
724 1379 807 1454 longe
833 1379 1059 1452 antiquissimum
1082 1393 1178 1436 auoto-

212 1478 282 1530 rem,
308 1476 397 1531 usque
419 1458 454 1514 ad
475 1467 652 1513 senectutem
667 1456 769 1512 vixisse
790 1458 923 1514 eumdem
946 1458 1068 1514 invenio.
1118 1459 1177 1515 Re-

212 1536 266 1593 fert
289 1537 376 1601 certe‚
405 1535 479 1592 hano
503 1553 578 1608 saepe
592 1553 657 1590 eum
671 1537 770 1592 exacti
793 1545 874 1591 {etate
896 1536 1045 1610 usurpisse
1068 1555 1175 1606 vocem,

213 1620 233 1650 ‘'-
244 1611 338 1670 Multo
352 1613 484 1669 miserius
497 1613 559 1668 seni
574 1612 704 1668 exsilium
718 1613 812 1670 esse.”
854 1613 921 1670 Non
935 1613 1098 1670 inviderunt
1117 1615 1176 1670 lau·

180 1707 204 1745 15
213 1693 263 1748 des
275 1709 339 1748 suas
354 1691 520 1746 mulieribus
542 1690 592 1746 viri
615 1690 760 1746 Romani:
790 1690 861 1747 adeo
884 1691 946 1747 sine
967 1691 1175 1750 obtrectatione

127 1777 170 1845 N<
212 1769 309 1845 gioriae
336 1769 437 1824 alienae
465 1769 616 1824 vivebatur.
679 1768 868 1826 Monumento
894 1788 1006 1843 quoque
1034 1771 1109 1844 quod
1133 1791 1177 1826 es·

178 1857 181 1862 '
212 1858 265 1913 set,
288 1847 424 1920 tempium
447 1846 581 1903 Fortunae
602 1846 738 1902 Muliebri
763 1847 934 1904 aedifioaturn
955 1847 1175 1924 dedicatumque
1231 1865 1233 1870 ’
