2620 4220
138 343 200 406 πω
534 341 604 392 τιτι
621 343 703 390 mvn

140 487 160 522 “
171 485 308 544 crevistis.
349 483 395 542 Ed
410 503 500 560 usque
513 503 560 542 me
574 485 668 542 virere
682 483 776 556 vultis,
790 483 893 554 donec,
917 483 1033 542 alterius
1046 503 1111 544 res-

140 565 160 600 “
171 562 247 620 trllrn
262 573 416 639 superstes,
431 563 507 620 haud
521 563 687 640 ambiguum
698 581 796 638 regern
810 561 931 620 alterurn
941 564 1003 620 mel
1017 574 1109 622 morte

77 679 80 688 ·
139 640 283 698 “faoiam.
325 641 392 698 Nec
406 641 521 698 fratrem
536 659 591 697 nec
605 652 715 715 patrem
735 640 853 715 potestis
865 640 944 714 pati:
974 641 1046 697 nihil
1060 659 1110 698 ca-

139 723 158 756 “
170 718 203 787 ri,
218 719 289 776 nihil
304 720 396 776 sancti
410 729 472 778 est:
502 719 532 775 in
545 720 676 775 omnium
700 719 791 774 ricem
814 717 896 794 regni
911 717 997 776 unius
1010 719 1111 776 insati-

138 796 253 854 “abilis
278 817 356 855 amor
383 797 530 854 successit.
572 797 668 872 Agite,
695 795 890 854 conscelerate
911 814 995 852 aures
1015 807 1147 872 pater-⁵

138 879 157 914 “
169 892 241 931 nssr
272 876 419 934 decernite
437 874 615 946 criminibus,
641 893 708 931 mox
731 874 805 932 ferro
818 874 985 937 decreturi:
1019 875 1110 933 dicite

138 952 273 1028 “palim,
297 953 433 1030 quidquid
454 963 503 1012 eut
526 952 585 1009 veri
606 953 732 1027 potestis,
755 961 805 1008 aut
826 952 1007 1010 comminisci
1028 953 1108 1011 libet.

138 1030 319 1090 “Reserate
334 1051 417 1090 aures
430 1043 507 1102 sunt,
527 1049 592 1105 quae
605 1031 724 1105 posthac
747 1030 866 1087 secretis
889 1030 1006 1087 alterius
1019 1031 1056 1088 ab
1070 1032 1111 1088 al·

139 1116 231 1166 “tero
261 1111 429 1168 criminibus
456 1109 653 1166 claudentur.”
706 1108 788 1180 Haec,
816 1109 913 1165 furens
940 1109 990 1176 iri,
1019 1128 1109 1184 quum

140 1186 268 1276 dixisset,
283 1189 415 1265 lacrymae
431 1187 565 1246 omnibus
588 1187 715 1256 oborta3
749 1197 779 1244 et
798 1187 849 1243 diu
869 1196 1003 1244 rnresturn
1023 1180 1151 1246 siren-16

138 1273 211 1322 trum
225 1267 326 1326 tenuit.

178 1423 233 1482 lx.
268 1425 346 1482 Turn
372 1425 512 1482 Perseus:
541 1423 739 1500 “Aperienda
759 1423 894 1480 nimirum
916 1433 1000 1480 nocte
1018 1423 1109 1499 janua

139 1501 234 1574 “luit,
263 1515 292 1560 et
313 1503 412 1560 armati
441 1503 640 1560 comissatores
668 1502 840 1576 accipiendi,
865 1502 1108 1576 praebendumque

138 1579 157 1614 “
170 1579 243 1638 ferro
266 1581 408 1658 jugulum,
436 1582 551 1654 quando
580 1599 638 1638 non
666 1580 801 1648 creditur,
828 1580 884 1636 nisi
904 1591 1108 1655 perpetratum,

139 1658 159 1692 “
171 1657 303 1728 lacinus3
324 1670 353 1716 et
367 1659 468 1715 eadem
482 1659 587 1734 petitus
601 1659 713 1715 insidiis
734 1659 829 1725 audio,
851 1677 914 1731 quae
938 1658 1009 1715 latro
1023 1669 1108 1733 atque
1119 1671 1145 1710 rc

139 1737 158 1770 “
169 1735 325 1794 insidiator.
367 1737 435 1794 Non
450 1737 642 1812 nequidquam
657 1736 703 1794 isti
718 1755 807 1793 unum
823 1736 1001 1792 Demetrium
1018 1737 1108 1793 lilium

137 1816 197 1872 “te
219 1816 333 1886 habere,
355 1835 401 1872 me
422 1815 566 1872 subditum
595 1827 624 1872 et
652 1815 754 1890 pellice
782 1815 912 1890 genitum
938 1815 1108 1890 appellant:
1131 1881 1134 1890 Ι

138 1897 157 1932 “
169 1913 245 1965 nam,
260 1895 283 1952 si
297 1895 427 1971 gradum,
449 1894 473 1950 si
494 1895 641 1952 caritatem
663 1893 712 1949 filii
738 1893 813 1968 apud
828 1904 856 1949 te
881 1893 1023 1962 haberem,
1048 1911 1107 1950 non

137 1976 157 2009 “
169 1972 198 2030 in
213 1993 260 2032 me
280 1985 447 2050 querentem
469 1973 662 2048 deprehensas
685 1971 813 2038 insidias,
835 1971 885 2027 sed
909 1971 938 2028 in
965 1989 1032 2027 eum
1059 1971 1108 2046 qui

137 2055 156 2090 “
169 2050 293 2121 fecisset,
308 2053 440 2110 serires:
463 2069 518 2108 nec
532 2048 604 2107 aded
617 2049 669 2107 tibi
683 2049 746 2105 vilis
768 2049 824 2106 vita
848 2059 924 2106 esset
947 2061 1052 2117 nostra,
1076 2060 1145 2108 utao

137 2133 157 2169 “
169 2149 224 2188 nec
237 2131 379 2208 preterito
392 2129 519 2206 periculo
533 2147 597 2186 meo
610 2128 772 2193 morereris,
796 2145 889 2202 neque
910 2127 1012 2198 futuro,
1027 2127 1052 2184 si
1066 2128 1111 2185 in.

137 2214 157 2248 “
168 2209 339 2286 sidiantibus
352 2209 389 2265 sit
410 2208 535 2284 impune.
577 2206 733 2282 Itaque,.si
751 2205 825 2262 mori
846 2205 966 2262 taciturn
986 2216 1107 2281 oportet,

136 2291 157 2328 “
168 2283 325 2359 taceamus,
346 2287 454 2362 precati
476 2287 584 2343 tantum
607 2285 694 2352 Deos,
715 2294 747 2341 ut
767 2303 785 2340 a
805 2301 851 2340 me
872 2296 998 2359 creptum
1013 2285 1109 2341 scelus

137 2371 157 2406 ‘¹
168 2365 198 2421 in
213 2361 259 2421 me
273 2363 359 2421 finem
375 2364 487 2432 habeat,
512 2383 568 2420 nec
590 2383 640 2438 per
653 2381 750 2418 meum
764 2362 839 2418 latus
853 2374 884 2418 tu
897 2363 1011 2438 peteris.
1054 2362 1107 2420 Sin

137 2448 157 2484 ‘t
167 2453 263 2499 sutem
279 2442 367 2518 (quod
382 2442 586 2499 circumventis
601 2443 629 2498 in
644 2440 797 2498 solitudine
822 2452 925 2497 natura
946 2441 1008 2516 ipsa
1021 2441 1145 2516 subji-ss

137 2521 217 2593 “cit,
246 2533 277 2578 ut
303 2521 460 2592 hominum,
488 2538 558 2594 quos
585 2538 731 2594 nunquam
756 2519 887 2590 viderint,
910 2518 996 2576 fidem
1011 2529 1109 2576 tamen

137 2607 157 2642 t‘
168 2599 333 2681 implorent)
357 2600 426 2657 milri
447 2618 568 2675 quoque,
592 2597 697 2655 serrum
718 2597 747 2654 in
769 2615 816 2654 me
837 2598 967 2654 strictum
988 2615 1110 2654 cernen-

137 2687 157 2722 (ί
168 2679 199 2747 ti,
214 2699 313 2738 rocem
329 2679 440 2736 mittere
454 2679 559 2746 liceat3
581 2695 630 2752 per
645 2688 681 2746 te,
703 2676 882 2750 patriumque
897 2694 1012 2748 nomen,
1033 2677 1124 2750 quod-

138 2759 226 2815 “utri
247 2759 376 2816 nostrum
390 2757 518 2814 sanctius
531 2756 577 2827 sit,
595 2755 654 2830 jam
675 2755 786 2829 pridem
808 2755 908 2825 sentis,
931 2753 969 2811 ita
991 2774 1037 2811 me
1059 2773 1110 2811 au·

138 2846 157 2880 ‘⁴
169 2837 240 2907 dias,
255 2855 365 2912 precor,
380 2848 524 2910 tamquam
538 2834 572 2901 si,
587 2852 657 2890 voco
678 2843 707 2889 et
728 2832 951 2906 comploratione
966 2834 1108 2890 nocturni
1118 2845 1145 2885 so

137 2925 157 2960 ‘t
169 2915 290 2988 excitus,
305 2914 373 2972 mihi
388 2912 533 2989 quiritanti
556 2911 767 2978 intervenisses,
791 2909 970 2967 Demetrium
985 2929 1051 2968 eum
1066 2930 1109 2968 ar·

138 3004 158 3039 ‘⁴
170 2994 255 3050 matis
269 3003 353 3051 noete
376 2991 547 3067 intempestd
569 2990 598 3047 in
619 2989 760 3046 vestibulo
774 3007 840 3045 meo
860 2989 1108 3064 deprehendisses.

138 3071 259 3133 “Quod
274 3081 341 3129 tum·
356 3071 525 3130 vociferarer
547 3068 576 3126 in
598 3087 628 3124 re
650 3067 783 3142 presenti
798 3067 925 3142 pavidus,
952 3068 1006 3125 hoc
1028 3085 1109 3126 nuno

138 3161 283 3226 “postero
296 3149 343 3205 die
364 3169 473 3224 queror.
516 3147 626 3218 Frater,
641 3165 698 3202 non
720 3145 938 3202 comissantium
960 3146 989 3202 in
1015 3145 1109 3203 vicem

139 3229 227 3306 “jam
251 3227 300 3284 diu
322 3227 441 3284 vivimus
462 3228 536 3284 inter
557 3245 618 3282 nos.
668 3225 806 3300 Regnare
827 3223 925 3298 utique
946 3224 1006 3280 vis:
1041 3223 1146 3282 huicss

139 3308 233 3382 “spei
248 3317 304 3363 tuae
324 3305 418 3362 obstat
431 3315 499 3362 aetas
514 3323 587 3375 mea,
608 3303 702 3360 obstat
738 3301 848 3358 entium
868 3301 925 3376 jus,
946 3302 1040 3379 obstat
1063 3321 1111 3358 ve·

139 3400 160 3435 u
170 3396 264 3442 tuctus
277 3383 458 3442 Macedonis
472 3402 543 3454 mos,
556 3383 650 3439 obstat
671 3399 737 3438 vero
758 3381 844 3437 etiam
857 3379 945 3453 patris
956 3379 1109 3455 judicium.

136 3465 161 3502 ⁴⁶
172 3463 246 3521 Haeo
259 3461 472 3527 transcendere,
488 3461 542 3517 nisi
557 3479 607 3536 per
619 3477 718 3520 ,meum
742 3458 924 3534 sanguinem,
940 3476 997 3514 non
1011 3469 1109 3532 potes:

140 3545 160 3578 “
170 3541 267 3601 omnia
281 3539 388 3598 moliris
400 3549 430 3596 et
443 3548 555 3596 tentas:
577 3539 672 3596 adhue
686 3557 737 3594 seu
751 3555 820 3594 cura
834 3553 908 3607 mea,
922 3535 1109 3603 senionem,

140 3623 160 3656 “
171 3620 275 3677 restitit
287 3618 440 3694 parricidio
454 3631 511 3674 tuo.
554 3617 697 3673 Hesterna
718 3616 765 3672 die
780 3615 808 3671 in
824 3615 1001 3687 lustratione,
1019 3625 1048 3671 et
1062 3615 1147 3671 de·ro

141 3701 161 3733 “
173 3716 269 3764 cursu,
284 3707 313 3753 et
326 3695 479 3752 simulacro
493 3694 604 3751 ludicro
618 3712 731 3768 pugnes,
746 3693 895 3750 sunestum'
905 3693 993 3767 prope
1014 3692 1111 3767 proeli-

141 3775 161 3810 “
173 3792 223 3832 um
235 3773 344 3844 lecisti3
366 3792 422 3832 nec
437 3791 482 3830 me
497 3771 573 3829 aliud
595 3789 614 3828 a
631 3781 720 3828 morte
742 3770 906 3838 vindicavit,
927 3771 1013 3846 quim
1033 3769 1110 3846 qudd
