2630 4228
512 365 616 414 LIBER
632 366 661 412 V.
684 378 744 414 css.
758 377 820 412 ην.
1101 365 1158 424 125

197 505 292 564 “belli
316 525 352 563 ex
365 506 445 562 hoste
466 505 610 560 communi
636 503 773 576 pariendi.
823 501 900 562 Quae
925 501 1016 559 effuso
1041 502 1155 576 agmine

198 591 216 620 ‘⁴
225 585 366 652 adventat,
390 601 461 657 gens
483 593 533 650 est,
558 580 605 636 cui
620 591 720 636 natura
741 599 859 654 corpora
872 580 1035 652 animosque
1051 599 1156 654 magna

196 661 316 735 “magis
341 658 425 734 qubm
448 659 528 714 firma
548 657 676 713 dederit:
711 657 746 712 ed
770 656 799 712 in
822 667 967 712 certamen
987 675 1072 713 omne
1093 657 1156 730 plus
1233 691 1236 697 ,

197 745 217 774 “
226 738 348 808 terroris,
371 737 455 810 quam
470 735 581 805 virium,
596 734 700 790 serunt.
744 733 923 808 A1gumento
936 733 972 789 sit
986 733 1082 789 clades
1099 733 1156 790 llo·

173 822 216 866 δ’*
226 833 329 870 mana:
360 823 503 888 patentem
528 811 631 886 cepdre
659 812 779 878 urbem3
812 829 850 866 ex
873 829 938 866 arce
960 809 1155 884 Capitolioque

197 891 387 966 “hisexigud
410 890 547 946 resistitur
570 907 666 944 manu.
721 887 786 944 Jam
809 887 966 944 obsidionis
983 888 1067 943 taedio
1088 889 1155 944 victi

127 999 130 1008 ·
196 968 391 1037 “abscedunt,
407 961 524 1042 vagique
538 985 587 1041 per
606 983 691 1040 agros
709 965 849 1039 palantur,
870 964 936 1020 cibo
960 963 1080 1037 vinoque
1094 983 1155 1038 rap-

196 1045 274 1101 “tim
298 1045 398 1106 hausto
420 1044 528 1118 repleti.
576 1043 632 1102 Ubi
654 1061 710 1098 nox
731 1042 846 1116 appetit,
871 1060 957 1116 prope
979 1041 1052 1097 rivos
1073 1060 1156 1115 aqua·

195 1131 297 1193 “rum,
310 1122 372 1178 sine
386 1122 572 1194 munimento,
596 1120 658 1176 sine
679 1119 847 1176 stationibus
870 1137 904 1176 ac
926 1119 1072 1184 custodiis,
1094 1138 1156 1192 pas-

162 1209 186 1248 10
196 1199 278 1254 “sim
292 1199 414 1256 ferarum
428 1199 482 1254 ritu
503 1207 677 1263 sternuntur,
699 1215 777 1252 nunc
794 1196 831 1253 ab
844 1197 978 1252 secundis
991 1196 1077 1252 rebus
1097 1215 1156 1252 ma-

195 1275 268 1350 “gis
281 1277 366 1332 etiam
380 1275 461 1332 solito
475 1275 592 1332 incauti.
635 1274 666 1330 Si
681 1274 759 1330 vobis
773 1273 802 1328 in
817 1273 912 1329 animo
935 1283 978 1329 est
999 1273 1071 1328 tueri
1087 1293 1156 1328 moe·

196 1353 272 1408 “nia
285 1364 385 1419 vestra,
400 1371 455 1408 nec
468 1352 526 1426 pati
541 1352 603 1408 lraec
616 1351 713 1408 omnia
733 1349 855 1408 Galliam
868 1349 940 1416 fieri,
954 1349 1044 1424 prima
1058 1351 1155 1425 vigilia

195 1430 316 1503 “capite
330 1449 409 1486 arma
422 1429 599 1502 frequentes:
628 1447 673 1484 me
687 1427 839 1501 sequimini
853 1427 889 1483 ad
912 1427 1031 1492 cedem,
1046 1446 1102 1484 non
1118 1427 1154 1483 ad
1219 1483 1223 1488 ,

195 1515 366 1580 “pugnam:
387 1507 442 1563 nisi
457 1507 565 1562 vinctos
584 1525 693 1572 somno,
715 1505 791 1561 velut
812 1505 946 1578 pecudes,
970 1503 1154 1560 trucidandos
1211 1567 1215 1576 ι

162 1592 185 1632 ¹⁵
194 1593 214 1620 ‘⁶
223 1585 373 1656 tradidero,
388 1603 445 1640 non
459 1602 560 1640 recuso
571 1583 704 1638 eumdem
719 1583 823 1638 Ardae
837 1600 930 1638 rerum
945 1599 1072 1638 mearum
1094 1583 1153 1638 exi-

193 1665 213 1698 “
223 1671 291 1731 tum,
303 1680 387 1735 quem
401 1661 504 1718 Roma
518 1660 633 1718 habui.”

134 1835 142 1848 ·
232 1816 325 1873 XLV.
360 1817 462 1891 AEquis
485 1817 645 1891 iniquisque
665 1835 831 1892 persuasum
852 1827 922 1884 erat,
948 1827 1059 1874 tantum
1080 1817 1154 1874 bello

193 1893 284 1950 airum
298 1895 443 1950 neminem
457 1914 576 1968 usquam
599 1895 635 1950 ed
648 1905 815 1968 tempestate
838 1913 910 1950 esse.
951 1893 1099 1952 Concione
1113 1896 1154 1950 di-

193 1971 290 2037 missa,
304 1989 421 2046 corpora
431 1983 541 2040 curant,
567 1972 679 2043 intenti,
700 1971 784 2045 quim
807 1990 872 2028 mox
893 1971 1006 2046 signum
1020 1972 1153 2028 daretur:

157 2058 249 2122 ”quo
270 2049 344 2117 dato,
373 2049 470 2122 primae
492 2049 606 2106 silentio
627 2049 719 2105 noctis
740 2049 775 2106 ad
796 2059 890 2123 portas
911 2047 1032 2105 Camillo
1052 2060 1154 2122 praesto

192 2125 284 2182 fuere.
338 2125 463 2200 Egressi3
487 2127 563 2182 baud
584 2126 681 2200 procul
701 2126 780 2197 urbe,
802 2126 876 2182 sicut
896 2125 1063 2200 praedictum
1084 2136 1153 2196 erat,

192 2213 286 2258 castra
309 2203 465 2275 Gallorum,
486 2203 578 2260 intuta
597 2203 784 2278 neglectaque
811 2203 847 2259 ab
867 2203 951 2262 omni'
966 2213 1045 2276 parte
1066 2204 1153 2269 nacti,

191 2280 315 2336 clamore
330 2279 475 2338 invadunt.
516 2281 666 2354 Nusquam
680 2281 820 2355 proelium,
831 2281 963 2338 omnibus
976 2280 1047 2336 locis
1060 2281 1154 2337 caedes

191 2369 254 2425 est3
285 2358 362 2413 nuda
382 2376 499 2431 corpora
519 2369 548 2415 et
567 2359 659 2414 soluta
678 2378 777 2415 somno
791 2359 985 2415 trucidantur:
1013 2369 1154 2415 extremos

156 2441 285 2490 tatamen
301 2453 385 2509 pavor
399 2436 541 2492 cubilibus
561 2435 619 2492 suis
633 2436 750 2508 excitos,
764 2455 826 2510 quae
847 2449 895 2492 aut
916 2436 992 2492 unde
1014 2436 1055 2492 vis
1068 2449 1153 2503 esset,

191 2511 314 2587 ignaros,
329 2512 359 2568 in
374 2512 479 2586 sugam,
494 2523 523 2570 et
536 2513 672 2588 quosdam
694 2513 722 2569 in
744 2515 854 2570 hostem
869 2513 960 2588 ipsum
982 2514 1154 2587 improvidos

190 2590 262 2646 tulit.
317 2589 425 2664 Magna
447 2609 521 2664 pars,
544 2591 573 2646 in
595 2609 694 2665 agrum
710 2591 857 2648 Antiatem
870 2591 965 2660 delati,
987 2590 1152 2648 incursione

190 2667 227 2722 ab
239 2667 387 2740 oppidanis
401 2667 430 2723 in
452 2667 559 2741 palatos
583 2668 667 2737 factal,
682 2668 952 2724 circumveniuntur.
995 2669 1102 2724 Similis
1123 2670 1152 2725 in

190 2762 258 2818 agro
279 2744 393 2818 Vejenti
415 2744 577 2802 Tuscorum
599 2745 674 2802 lacta
693 2757 801 2820 strages
822 2757 883 2814 est;
917 2744 965 2819 qui
987 2745 1074 2816 urbis,
1093 2745 1150 2820 jam

156 2830 181 2870 ³⁰
191 2839 275 2896 prope
293 2821 604 2896 quadringentesimum
619 2841 727 2879 annum
742 2821 853 2893 vicinae,
867 2841 1007 2898 oppressae
1021 2823 1057 2878 ab
1072 2823 1151 2880 hoste

190 2897 332 2955 invisitato
346 2899 539 2973 inauditoque,
554 2899 626 2956 adad
650 2900 721 2956 nihil
736 2900 853 2957 miseriti
872 2911 947 2967 sunt,
963 2900 1037 2957 utin
1052 2919 1150 2975 agrum

189 2974 354 3032 Romanum
369 2995 403 3032 eo
418 2987 543 3052 tempore
557 2978 735 3043 incursiones
749 2978 884 3048 facerent,
902 2978 1034 3053 plenique
1048 2979 1150 3052 praedae

193 3052 277 3128 Vejos
291 3053 388 3120 etiam,
401 3055 619 3129 praesidiumque
632 3066 662 3111 et
675 3074 753 3129 spem
769 3056 896 3112 ultimam
918 3055 1045 3112 Romani
1061 3058 1151 3113 nomi·

189 3130 243 3198 nis,
258 3131 288 3187 in
310 3131 406 3188 animo
427 3132 578 3188 habuerint
598 3152 770 3210 oppugnare.
813 3133 952 3189 Viderant
973 3151 1022 3189 eos
1047 3134 1151 3192 milites

153 3206 324 3281 &Romani
339 3220 472 3284 vagantes
485 3229 534 3284 per
549 3229 630 3286 agros
644 3213 673 3267 et
686 3223 873 3286 congregatos
887 3210 1010 3286 agmine,
1026 3213 1150 3286 praedam

187 3304 245 3360 prae
259 3306 290 3342 se
304 3299 437 3362 agentes3
465 3298 494 3343 et
505 3300 598 3344 castra
611 3288 767 3344 cernebant
782 3285 857 3344 haud
871 3289 968 3363 procul
983 3289 1063 3364 Vejis
1077 3291 1150 3363 posi-

186 3374 224 3421 ta.
273 3363 346 3421 Inde
368 3364 489 3439 primdm
516 3366 658 3422 miseratio
678 3365 732 3432 sui,
754 3365 858 3422 deinde
879 3367 1043 3442 indignitas,
1066 3379 1149 3441 atque

187 3459 223 3498 ex
243 3444 277 3498 ei
291 3443 333 3498 ira
346 3443 455 3500 animos
469 3443 553 3517 cepit.
596 3443 793 3500 “Etruscisne
815 3445 911 3512 etiam,
936 3464 954 3501 a
974 3443 1077 3518 quibus
1093 3447 1150 3502 bel·

187 3519 276 3576 “lum
290 3520 433 3577 Gallicum
447 3521 476 3577 in
486 3539 516 3576 se
530 3521 705 3588 avertissent,
719 3521 842 3596 ludibrio
854 3541 917 3580 esse
929 3522 1025 3579 clades
1035 3542 1101 3579 suas
1111 3526 1122 3578 l
1131 3523 1148 3550 ''

151 3596 246 3654 oVix
260 3602 454 3672 temperavere
468 3599 581 3671 animis,
594 3599 662 3673 quin
677 3600 820 3674 extemplo
844 3600 979 3674 impeturn
1001 3599 1146 3657 facerent:

186 3677 397 3750 compressique
411 3696 428 3732 a
441 3676 568 3734 Caedicio
582 3677 759 3756 centurione,
782 3697 866 3751 quem
881 3678 994 3734 sibimet
1008 3678 1061 3752 ipsi
1075 3697 1147 3751 prae·
1223 3672 1227 3680 ’

187 3751 323 3825 lacerant,
338 3773 398 3811 rem
412 3751 443 3812 in
465 3765 579 3812 noctem
600 3756 768 3814 sustinuere.
809 3754 938 3812 Tantum
961 3774 1011 3830 par
1025 3753 1147 3814 Camillo

484 3831 538 3888 11*
