2620 4220
436 339 542 390 LIBER
557 341 665 390 xxvu.
692 355 754 391 cae.
766 355 866 392 xxxma
970 301 972 306 Ι
1079 346 1140 406 217

174 481 223 558 qui
237 481 354 540 biennio
367 484 435 540 ante
450 493 578 540 mortuus
591 495 660 541 erat.
692 483 758 541 Hoc
772 483 873 542 eodem
888 501 965 541 anno
977 493 1007 540 et
1019 483 1139 544 lustrum

175 561 322 629 conditum
353 572 397 618 est
426 581 443 618 a
470 562 638 619 censoribus
666 562 699 619 P.
729 562 898 637 Sempronio
932 561 1081 620 Tuditano
1110 577 1141 622 et

174 637 217 702 M.
231 638 365 696 Cornelio
379 639 517 714 Cethego.
559 640 655 698 Censa
668 640 774 720 civium
788 640 884 714 capita
907 651 1023 698 centum
1042 639 1141 716 trigin-

174 726 204 774 ta
216 727 325 790 septem
340 718 438 784 millia,
452 727 569 774 centum
583 729 612 774 et
625 728 707 776 octo:
724 719 821 774 minor
835 717 978 792 aliquantb
993 737 1139 790 numerus,

152 794 258 869 equdm
278 795 326 868 qui
350 807 417 852 aute
442 795 547 852 bellum
562 795 661 852 fuerat.
704 796 748 853 Ec
761 814 837 858 auno
863 794 1006 872 [primum
1028 815 1140 872 exque

174 872 321 932 Hannibal
337 873 366 940 in
382 873 493 930 ltaliam
509 873 810 1008 venissetkcomitium
824 884 932 936 tectum
947 893 1020 944 csse,
1035 893 1142 932 merno-

173 951 224 1008 riae
245 951 386 1024 proditum
410 962 463 1017 est,
484 962 513 1008 et
526 951 608 1008 ludos
662 971 780 1011 omauos
803 951 891 1008 semel
914 952 1084 1009 instauratos
1104 953 1141 1010 ab

140 1028 304 1086 F·'aedilibus
318 1029 464 1086 curulibus
476 1028 517 1090 Q.
534 1029 651 1088 Metello
664 1041 693 1086 et
707 1031 741 1086 (l.
758 1029 878 1087 Servilio
890 1050 896 1098 ;
926 1041 955 1087 et
968 1030 1087 1106 plebejis
1100 1031 1141 1088 lu-

140 1073 160 1174 ξ
174 1107 219 1164 dis
234 1107 350 1162 biduum
366 1107 553 1164 instauratum
565 1109 610 1164 'ab
630 1107 671 1168 Q.
684 1107 814 1164 Mamilio
838 1119 867 1164 et
888 1107 930 1164 M.
944 1108 1064 1165 Caecilio
1079 1108 1142 1164 Me·

138 1181 241 1262 ¹{tello
256 1184 385 1241 edilibus
398 1185 497 1259 plebis.
540 1185 578 1242 Et
590 1186 645 1242 tria
658 1185 740 1261 signa
754 1186 790 1242 ad
810 1184 923 1242 Cereris
948 1185 1034 1242 iidem
1056 1187 1142 1244 dede·

153 1313 159 1326 ,
174 1273 260 1318 runt:
281 1271 310 1317 et
324 1261 401 1319 Joris
415 1263 531 1336 epulum
546 1263 598 1320 suit
611 1263 742 1320 ludorum
757 1263 854 1320 cause.
895 1263 1085 1320 Consulatum
1100 1265 1142 1321 in·

138 1329 160 1403 Ξ
174 1341 211 1396 de
225 1340 326 1396 ineunt
339 1339 373 1396 C.
389 1340 528 1396 Claudius
550 1339 630 1397 Nero
652 1351 682 1396 et
695 1340 737 1396 Μ.
753 1341 851 1398 Livius
870 1341 981 1408 iterum,
996 1342 1054 1414 qui,
1075 1342 1143 1416 quia

146 1417 160 1487 ἧ
172 1418 231 1493 jam
246 1416 387 1494 designati
400 1419 561 1493 provincias
574 1418 664 1474 sortiti
678 1427 768 1490 erant,
793 1430 927 1492 praetores
948 1419 1040 1476 sortiri
1051 1419 1142 1494 jusse-

140 1490 249 1552 Erunt.
272 1535 273 1538 =
301 1495 335 1552 C.
354 1496 475 1552 Hostilio
495 1497 604 1552 urbana
624 1495 738 1552 evenit:
760 1495 858 1552 addita
877 1507 907 1552 et
927 1497 1088 1572 peregrina,
1111 1508 1143 1558 ut

141 1584 231 1631 utres
253 1574 282 1631 in
310 1574 470 1648 provincias
501 1575 578 1630 exire
608 1584 742 1648 possent:
777 1574 814 1630 A.
845 1573 966 1631 Hostilio
998 1575 1140 1644 Sardinia,

175 1647 209 1709 O.
226 1652 352 1709 Mamilio
367 1652 474 1722 Sicilia,
487 1652 521 1708 L.
537 1651 638 1708 Porcio
652 1651 745 1708 Gallia
764 1650 868 1708 evenit.
910 1652 1032 1708 Summa
1052 1653 1141 1729 legio·

174 1749 245 1786 num
257 1730 343 1786 trium
357 1740 387 1786 et
400 1729 499 1804 viginti
514 1731 553 1788 ita
567 1749 616 1804 per
637 1729 797 1804 provincias
818 1729 918 1802 divisa,
933 1741 965 1786 ut
978 1730 1052 1786 bine
1074 1749 1142 1789 ccu-

173 1808 268 1864 sulum
282 1818 396 1874 essent3
424 1818 542 1881 quatuor
556 1807 697 1882 Hispania
711 1808 848 1874 haberet;
875 1819 933 1864 tres
953 1819 1087 1882 pretores
1101 1809 1142 1866 bi-

173 1904 237 1957 nae,
251 1885 280 1942 in
296 1885 405 1955 Sicilie,
420 1886 450 1941 in
466 1885 610 1956 Sardinid,
624 1896 653 1942 et
667 1885 778 1952 Gallim
803 1885 875 1942 duas
889 1885 924 1941 C.
938 1885 1096 1942 Terentius
1110 1887 1140 1944 in

139 1963 309 2032 etEtruriri3
344 1963 414 2019 duas
437 1962 478 2024 Q.
500 1962 619 2019 Fulvius
639 1963 668 2018 in
690 1962 828 2030 Bruttiis3
860 1962 1141 2024 destructarum

173 2041 252 2098 circa
266 2041 426 2098 Tarentum
441 2051 472 2096 et
484 2040 677 2108 Sallentinos3
699 2059 785 2097 unam
801 2040 835 2096 C.
850 2041 991 2098 Hostilius
1006 2041 1140 2100 Tubulus
1244 2037 1246 2044 ⁴

171 2119 298 2194 ¹Capuam
320 2119 384 2174 dure
398 2119 515 2175 urbanae
529 2129 561 2174 ut
573 2118 775 2174 scriberentur.
808 2117 920 2175 'Primis
938 2129 1058 2192 quatuor
1072 2120 1142 2195 legi-

172 2197 277 2254 onibus
290 2196 411 2272 populus
424 2196 553 2254 tribunos
573 2195 699 2264 creavit:
731 2196 761 2252 in
775 2206 894 2253 caeterss
912 2196 1044 2254 consules
1058 2199 1142 2256 mise·

173 2286 249 2331 runt.

138 2447 188 2491 se·
213 2431 375 2489 XXXVII.
408 2431 577 2506 Priusquam
591 2431 724 2489 consules
744 2432 1003 2506 proficiscerentur,
1024 2451 1141 2490 novem·

173 2509 248 2566 diale
268 2529 381 2568 sacrum
407 2510 471 2582 fuit,
492 2509 559 2583 quia
579 2509 660 2585 Vejis
680 2511 716 2566 de
746 2511 820 2568 coelo
841 2510 1023 2585 lapidaverat.
1078 2510 1140 2568 Sub

94 2634 96 2638 ,
173 2587 259 2644 unius
278 2588 399 2663 prodigii
421 2587 467 2666 (ut
494 2587 538 2664 lit)
561 2588 744 2657 mentionem,
772 2583 828 2644 alia
854 2606 965 2663 quoque
986 2589 1139 2659 nuntiata;

173 2665 329 2722 Minturnis
344 2667 435 2722 aedem
459 2665 538 2722 Jovis
559 2675 588 2722 et
608 2665 706 2722 lucum
729 2665 856 2738 Maricae,
878 2665 946 2722 item
962 2665 1063 2722 Atellae
1078 2685 1140 2722 mu-

172 2761 237 2800 rum
257 2755 286 2800 et
312 2755 430 2819 portam,
452 2745 488 2800 de
509 2743 583 2801 ctnlo
602 2753 687 2800 tacta.
742 2743 967 2812 Minturnenses,
987 2743 1141 2802 terribilius

137 2822 247 2896 acquod
261 2833 345 2892 esset,
357 2823 540 2898 adjiciebant,
555 2821 703 2897 sanguinis
716 2822 808 2878 rivum
822 2821 852 2879 in
861 2821 942 2896 porte
955 2820 1090 2878 fluxisse:
1111 2837 1141 2880 et

127 2930 129 2935 v
173 2899 280 2974 Capuae
301 2901 392 2975 lupus,
417 2911 501 2958 noete
522 2911 631 2974 portam
656 2899 811 2976 ingressus,
836 2899 950 2976 vigilem
972 2900 1140 2960 laniaverat.

173 2977 247 3034 Haec
271 2990 421 3053 procurata
447 2979 546 3035 hostiis
573 2977 741 3053 majoribus·
757 2979 895 3054 prodigia,
922 2989 951 3035 et
971 2977 1141 3052 supplicatio

172 3055 250 3112 diem
266 3075 353 3112 unum
369 3055 421 3114 fuit
434 3075 471 3113 ex
484 3057 601 3113 decreto
613 3057 798 3131 pontificum:
828 3057 895 3123 inde
909 3057 1012 3114 iteruin
1026 3075 1141 3114 noveru·

173 3133 248 3190 diale
262 3134 459 3206 instauratum,
473 3133 547 3208 qudd
562 3134 592 3190 in
607 3135 778 3191 Armilustro
801 3134 943 3209 lapidibus
967 3133 1057 3190 visum
1080 3134 1141 3209 plu-

138 3229 231 3270 acere.
272 3213 420 3270 Liberatas
434 3213 572 3286 religione
587 3222 698 3268 mentes
719 3212 843 3270 turbavit
857 3229 953 3269 rursus
968 3212 1139 3283 nuntiatum,

173 3290 335 3348 Frusinone
350 3291 489 3348 infantem
505 3301 603 3347 natum
618 3308 681 3346 esse
694 3290 843 3364 quadrimo
856 3309 971 3365 parem;
992 3309 1048 3347 nec
1062 3309 1140 3366 mag-

145 3370 149 3375 ’
173 3369 303 3427 nitudine
317 3381 376 3426 tam
391 3369 561 3440 mirandum,
586 3365 671 3442 quam
686 3366 760 3442 qudd
775 3369 799 3426 is
812 3388 933 3443 quoque,
948 3381 980 3426 ut
994 3369 1139 3426 Sinuessae

174 3447 291 3506 biennio
304 3448 380 3519 antri,
395 3448 530 3516 incertus,
545 3465 606 3502 mas
620 3466 656 3502 an
672 3446 788 3504 immina
801 3460 885 3518 esset,
900 3457 1061 3506 natuserat.
1105 3448 1139 3505 ld

172 3525 240 3582 verb
255 3527 410 3602 aruspices,
424 3545 461 3582 ex
478 3525 592 3582 Etrurid
605 3525 700 3592 acciti,
716 3525 822 3582 soedum
837 3545 871 3582 ac
882 3537 963 3601 turpe
977 3526 1140 3602 prodigium

139 3603 287 3661 indicere:
308 3621 448 3662 extorrem
466 3623 534 3679 agro
547 3603 691 3670 Romano,
715 3605 812 3678 procul
827 3615 908 3661 terrae
923 3615 1068 3670 contactu,
1083 3605 1140 3662 alto

174 3684 372 3758 mergendum.-
412 3683 517 3740 Vivum
532 3682 562 3738 in
584 3697 679 3738 croam
694 3683 858 3754 condidere,
873 3693 1094 3757 provectumque
1110 3681 1140 3738 in

173 3779 252 3818 mare
266 3761 454 3838 projecerunt.
485 3759 647 3896 {peterere
661 3760 729 3818 item
743 3761 903 3836 pontifices,
917 3770 949 3818 ut
962 3759 1086 3835 virgines
1097 3770 1140 3818 ter
