2632 4224
137 329 179 390 46
189 341 196 372 t
532 327 601 381 'rm
618 325 702 381 LlVll

74 511 89 527 .,
140 470 268 537 validior,
283 469 408 528 medium
422 471 520 547 arripit
533 473 681 542 Servium3
711 473 872 549 elatumque
886 493 903 534 e
916 474 995 536 cnrid
1009 477 1038 536 in
1052 480 1094 538 in·

139 549 269 606 seriorem
290 561 398 624 partem
418 569 468 625 per
487 551 592 626 gradus
618 552 724 627 dejicit.
779 551 851 609 lnde
871 555 907 611 ad
933 559 1094 631 cogendum

139 639 268 684 senatum
283 627 433 684 incuriam
448 629 530 686 redit.
571 629 617 686 Fit
631 630 699 704 suga
720 631 795 706 regis
809 633 998 710 apparitorum
1012 646 1094 710 atque

139 705 284 762 comitum.
306 705 371 780 Ipse
382 706 467 782 prope
477 707 639 782 exsanguis,
652 725 738 781 quum
750 709 908 765 semianimi
920 711 999 785 regio
1009 713 1095 770 comi·

73 816 76 822 2
137 783 949 859 tatudomumsereeiperet,pervenissetqueadsummum
959 790 1094 863 Cyprium
1116 809 1128 848 s

138 860 294 933 vicum,·ab
307 861 351 932 iis,
372 861 419 936 qui
440 861 517 918 mimi
534 862 570 918 ab
592 861 749 936 Tarquinio
770 863 928 938 fugientem.
947 869 1095 925 consecuti

137 949 228 1010 erant,
249 939 423 996 interficitur.
472 939 613 1009 Creditur,
638 940 781 1013 quianon
806 941 937 998 abhorret
956 961 973 998 a
992 955 1096 1001 caetero

137 1016 255 1084 scelere,
271 1017 417 1073 admonitu
444 1015 548 1072 Tulliae
579 1017 608 1073 id
639 1018 768 1074 sactumt‘
792 1029 928 1092 carpento
947 1019 1026 1076 certe
1054 1021 1095 1097 (id

137 1094 211 1167 quod
232 1095 300 1150 satis
319 1094 495 1182 constatlin
517 1094 607 1151 lorum
631 1095 752 1166 invecta,
774 1113 828 1152 nec
849 1097 969 1153 reverita
988 1109 1095 1156 oretum

53 1191 55 1198 ·
137 1187 268 1243 virorum,
282 1171 410 1228 evocavit
431 1190 521 1228 virum
535 1189 552 1228 e
566 1173 666 1230 curii:
697 1191 849 1248 regemque
869 1174 961 1248 prima
974 1176 1095 1249 appella·
1106 1192 1128 1229 ro

136 1249 193 1304 vit:
213 1267 299 1322 aquo
313 1248 453 1306 facessere
464 1249 543 1325 jussa
556 1269 591 1307 ex
606 1263 684 1308 tanto
697 1252 819 1310 tumultu
833 1270 920 1324 quum
934 1269 965 1307 se
979 1253 1094 1308 domum

136 1325 283 1400 reciperet,
298 1327 526 1402 pervenissetque
540 1329 575 1383 ad
596 1347 737 1384 summum
759 1329 895 1401 Cyprium
917 1329 1020 1396 vicum,
1045 1330 1094 1384 ubi

136 1403 273 1460 Dianium
287 1423 377 1478 nuper
392 1404 463 1472 suit3
485 1404 610 1461 flectenti
624 1415 790 1478 carpentum
805 1404 904 1460 dextral
917 1403 947 1459 iu
963 1404 1094 1460 Virbium

137 1481 253 1547 clivum,
267 1493 299 1538 ut
311 1482 341 1538 in
355 1481 456 1538 collem
480 1480 681 1555 Esquiliarium
705 1483 880 1547 eveheretur,
902 1481 1004 1538 restitit
1018 1481 1094 1556 pavi·

136 1559 199 1630 dus,
214 1572 297 1632 atque
311 1558 434 1615 inhibuit
447 1558 541 1616 lrenos
555 1559 588 1626 is,
603 1560 650 1634 qni
662 1559 792 1634 jumenta
800 1559 919 1634 egebat;
938 1558 1127 1634 jacentem-rs

135 1655 190 1710 que
211 1637 332 1692 dominae
348 1636 476 1692 Servium
500 1637 672 1694 trucidatum
692 1637 824 1694 ostendit.
866 1635 989 1692 Foednm
1010 1637 1094 1693 inhu-
1125 1654 1130 1666 ’

137 1731 308 1788 manumque
322 1715 390 1770 inde
413 1714 531 1770 traditur
552 1715 655 1787 scelus,
677 1715 916 1789 monumentoque
939 1715 1019 1772 locus
1032 1726 1109 1771 est··

116 1791 314 1862 ‘Sceleratum
335 1792 429 1848 vicum
453 1802 564 1864 vocant,
589 1811 645 1866 quo
665 1811 773 1860 amens,
802 1792 975 1868 agitantibus
998 1791 1093 1849 Furiis
1182 1795 1187 1804 '

136 1869 238 1926 sororis
262 1889 297 1926 ac
317 1869 378 1941 viri,
399 1869 497 1926 Tullia
516 1889 565 1945 per
586 1870 672 1944 petris
691 1889 793 1945 corpus
813 1881 980 1944 carpentum
1001 1871 1093 1944 egisse

136 1947 240 2017 fertur3
261 1957 424 2022 partemque
445 1948 592 2023 sanguinis
616 1949 757 2004 accedis
779 1958 902 2022 paternae
916 1958 1035 2003 cruento
1048 1965 1128 2008 ve-eo

136 2025 241 2097 hiculo‚
256 2025 448 2082 contaminata
461 2025 522 2100 ipsa
534 2043 725 2100 respersaque,
737 2025 834 2081 tulisse
849 2025 884 2080 ad
898 2036 1015 2099 penates
1027 2043 1095 2081 suos

135 2101 243 2176 virique
258 2104 320 2164 sui:
341 2103 446 2177 quibus
459 2103 546 2175 iratis,
558 2103 632 2158 malo
644 2104 725 2178 regni
741 2103 881 2177 principio
892 2103 999 2158 similes
1008 2121 1094 2176 prope

136 2181 212 2236 diem
233 2181 325 2237 exitus
344 2191 538 2254 sequerentur.
580 2181 696 2238 Servius
716 2181 830 2237 'l'ullius
852 2179 981 2255 regnavit
1005 2198 1095 2237 annos

135 2271 255 2332 quatuor
268 2269 297 2316 et
309 2259 505 2332 quadraginta,
520 2257 559 2313 ita
580 2269 610 2313 ut
633 2257 708 2314 bono
721 2258 806 2314 etiam
820 2259 1019 2330 moderatoque
1032 2276 1095 2314 suc-

137 2335 252 2392 cedenti
266 2335 326 2409 regi
339 2333 463 2390 difficilis
486 2333 627 2390 mutulatio
642 2345 732 2390 esset.
774 2333 918 2390 Caeterum
941 2334 971 2389 id
984 2353 1129 2407 quoquest

137 2413 173 2468 ad
193 2412 311 2487 gloriam
332 2411 453 2467 accessit
473 2410 548 2485 quod
569 2429 635 2467 cum
656 2411 704 2467 illo
716 2411 800 2467 simul
820 2411 896 2488 justa
919 2429 954 2466 ac
967 2410 1095 2486 legitima

136 2507 225 2565 regna
238 2489 414 2546 occiderunt.
456 2488 490 2544 Id
512 2487 603 2562 ipsum
627 2500 685 2545 tam
709 2489 776 2546 mite
798 2507 833 2544 ac
846 2499 904 2544 tam
919 2489 1093 2545 moderatum

136 2567 287 2642 imperium
303 2579 407 2636 tamem
421 2565 488 2640 quia
505 2565 588 2622 unius
609 2577 692 2638 esset,
714 2567 855 2640 deponere
868 2583 934 2622 eum
956 2565 985 2622 in
1000 2565 1102 2623 animo·

137 2643 280 2711 habuisse,
294 2643 410 2720 quidam
431 2653 561 2701 auctores
574 2654 657 2712 sunt3
688 2645 717 2700 ni
739 2643 833 2700 scelus
846 2643 1011 2700 intestinum
1025 2643 1095 2700 libe·

137 2723 233 2790 rendae
247 2723 343 2798 patrie
357 2721 476 2778 consilia
490 2721 607 2796 agitanti
621 2721 826 2778 intervenisset.
1092 2740 1130 2798 loo

176 2877 286 2936 XLIX.
308 2876 381 2934 Inde
395 2877 430 2934 L.
443 2875 618 2951 Tarquinius
631 2895 751 2952 regnare
771 2876 893 2952 occepit,
905 2877 952 2933 cui
967 2877 1130 2964 Superbo-3

69 2961 72 2966 '
137 2975 296 3031 cognomen
318 2955 393 3013 saeta
416 2955 589 3022 indiderunt,
613 2955 680 3030 quia
702 2973 832 3011 socerum
846 2973 934 3030 gener
952 2955 1126 3030 sepulturi:²

69 3234 92 3262 ⁴«

19 3321 20 3324 ,
65 3331 69 3338 ,
120 3285 235 3343 aversus
249 3285 279 3324 se
293 3266 453 3342 exemplum
467 3266 531 3341 capi
551 3285 642 3340 posse,
666 3265 781 3323 armatis
801 3283 903 3340 corpus
924 3265 1118 3338 circumsep·

73 3644 79 3655 1

136 3034 290 3110 prohibuit,
304 3036 323 3068 ‘⁴
333 3032 490 3094 Romulum
503 3051 614 3106 quoqne
624 3032 793 3106 insepultum
804 3033 910 3108 perisse
919 3032 937 3059 '³
952 3033 1094 3089 dictitans.
1111 3029 1117 3040 '

59 3109 63 3116 ’
138 3111 279 3168 Primores
293 3111 418 3181 Petrum,
432 3129 502 3184 quoe
516 3110 606 3167 Servii
630 3111 715 3166 rebus
738 3109 839 3166 sevisse
853 3110 997 3180 credebat,
1012 3111 1096 3164 iuter·
1112 3129 1119 3143 ·

138 3189 225 3247 fecit:
247 3189 380 3246 conscius
390 3188 504 3260 deinde,
520 3188 593 3244 male
608 3187 753 3263 querendi
777 3186 858 3262 regni
880 3187 916 3242 ab
930 3205 961 3242 se
976 3188 1035 3260 ipso
1049 3184 1126 3283 ad:¹

138 3345 193 3403 eit:
214 3363 305 3420 neque
320 3345 444 3401 enimad
464 3343 512 3420 jus
532 3344 613 3420 regni
637 3344 789 3418 quidquam
810 3353 912 3418 prester
932 3342 989 3417 ψη
1011 3314 1131 3419 ᾖεῖη-ἓ

138 3423 205 3492 bet3
226 3435 257 3480 ut
270 3423 424 3500 quineque
437 3419 533 3498 populi
554 3423 644 3498 jussu,
667 3441 760 3496 neque
774 3419 936 3478 auctoribus
954 3418 1095 3479 Patribus,

137 3513 278 3578 regnaret.
293 3511 297 3556 l
320 3499 363 3557 Εό
377 3500 542 3572 accedebat,
556 3509 588 3556 ut
602 3501 630 3556 in
645 3500 762 3557 caritate
776 3499 881 3555 civium
895 3495 965 3551 nihil
979 3493 1039 3568 spei
1053 3509 1096 3547 re-

138 3579 254 3656 ponenti
269 3590 346 3636 metu
360 3597 480 3654 regnum
498 3571 647 3636 tutandum
661 3589 736 3634 esset
742 3597 752 3656 3
772 3593 856 3650 quem
871 3583 902 3630 ut
915 3571 1041 3646 pluribus
1053 3569 1097 3626 iu·
1107 3587 1133 3629 to

139 3668 258 3727 cuteret,
272 3656 449 3732 cognitiones
473 3656 636 3731 capitelium
658 3673 751 3712 rerum
772 3653 835 3708 sine
853 3649 982 3708 consiliis
1003 3667 1053 3723 per
1066 3664 1097 3703 se

139 3737 215 3795 solue
227 3735 395 3804 exercebat;
415 3753 523 3812 perque
534 3753 599 3792 eem
623 3749 738 3790 censam
761 3729 903 3800 occidere,
923 3728 952 3785 in
965 3725 1098 3784 exsilium
