2620 4220
139 339 203 404 m
547 327 719 383 nurarvu

142 484 200 542 citu
214 497 353 539 annorum
367 477 398 535 in
412 475 486 534 terri
501 475 584 533 ltalia
598 495 643 533 res
663 485 767 550 gestas,
789 481 830 530 tot
843 471 934 530 duces
947 468 1110 542 Romanos,

142 571 183 620 tot
195 559 338 616 exercitus
350 555 502 614 occidione
516 554 638 621 occisos,
651 563 681 610 et
694 551 863 625 sua'cuique
877 549 994 623 decora,
1007 551 1058 608 ubi
1073 551 1111 608 ad
1141 559 1144 562 ’

141 639 283 714 insignem
298 635 420 710 alicujus
439 651 543 709 pngnae
564 631 702 689 memoria
723 631 841 687 militem
857 639 983 701 venerat,
1005 629 1112 687 refere-

141 717 198 774 bat.
240 715 339 790 Scipio
354 713 518 788 Hispanias,
533 721 562 768 et
575 711 703 768 recentia
716 710 745 766 in
760 708 862 765 Africi
876 707 983 784 proelia,
998 719 1028 766 et
1041 727 1112 766 con·

141 795 294 853 sessionem
317 792 451 863 hostium,
474 789 549 865 qudd
570 807 663 864 neque
677 807 734 845 non
756 799 853 864 petere
875 805 975 862 pacem
997 797 1148 862 proptera

141 885 260 938 metum,
274 889 368 946 neque
382 887 498 929 manere
513 869 544 925 in
567 867 604 924 ei
623 885 681 942 prae
695 867 779 923 insita
794 865 898 922 animis
912 865 1041 940 perfidia,
1062 885 1112 942 po·

140 952 279 1009 tuissent:
314 949 350 1006 ad
374 949 440 1016 hoc,
461 945 633 1021 colloquium
656 943 839 1011 Hannibalis,
854 943 883 1000 in
898 957 1009 1000 secreto
1030 943 1112 1001 habi·

141 1042 213 1096 turn,
228 1047 263 1085 ac
276 1028 396 1084 liberum
411 1025 542 1102 fingenti,
555 1026 610 1100 qui
623 1023 699 1094 velit,
711 1022 797 1079 flecti.
829 1021 991 1092 Ominatur,
1006 1023 1111 1097 quibus

141 1104 664 1243 tud²l.⁸¹ttt¹.⁰⁵htttht⁰tl⁰
677 1101 1099 1254 llilllllel‘lffagbil?
1099 1133 1111 1212 ἶ
1122 1193 1147 1233 10

141 1227 283 1320 “Adesse
297 1261 385 1320 linem
399 1259 466 1318 belli
489 1279 525 1318 ac
542 1258 655 1317 laboris.
698 1259 733 1316 In
754 1257 887 1315 manibus
900 1276 964 1314 esse
984 1259 1112 1332 praedam

142 1346 162 1380 ‘⁸
171 1341 366 1418 Carthaginis,
391 1340 513 1398 reditum
540 1337 656 1396 domum
688 1337 719 1395 in
739 1337 870 1413 patriam,
901 1335 938 1393 ad
966 1347 1111 1411 parentes,

142 1420 284 1487 “liberoa,
299 1419 445 1496 conjuges,
460 1417 639 1492 Penatesque
653 1416 761 1474 Deos.”
802 1413 906 1472 Celsus
927 1415 990 1472 hac
1012 1433 1113 1490 corpo-

142 1517 184 1566 re,
198 1499 333 1572 vultuque
347 1497 387 1554 ita
400 1497 474 1564 leto,
499 1505 530 1552 nt
543 1495 647 1552 vicisse
665 1495 724 1572 jam
741 1494 885 1566 crederes,
898 1493 1023 1551 dicebat.
1065 1493 1114 1552 ln·

142 1577 225 1634 strnit
245 1575 351 1632 deinde
374 1575 480 1649 primos
503 1574 639 1641 hastatos,
660 1584 723 1650 post
746 1591 796 1630 eos
815 1571 977 1648 principes:
1008 1571 1114 1629 triariis
1124 1587 1149 1627 15

141 1665 313 1732 postremam
327 1653 421 1709 aciem
435 1652 547 1710 clausit.

183 1809 336 1870 XXXIII.
357 1807 426 1868 Non
440 1809 583 1867 consertas
606 1819 702 1866 autem
716 1809 847 1866 cohortes
865 1818 932 1866 ante
946 1827 998 1865 sua
1015 1826 1115 1882 quam.-

145 1909 201 1966 qne
214 1890 298 1966 signa
311 1887 479 1956 instruebat,
493 1888 543 1945 sed
558 1887 717 1962 manipulos
731 1887 910 1962 aliquantum
925 1886 999 1943 inter
1013 1906 1044 1943 se
1058 1886 1115 1944 dis·

144 1979 249 2040 tantas,
262 1978 294 2024 nt
308 1978 384 2024 esset
401 1967 535 2043 spatium,
549 1985 605 2041 quo
618 1966 762 2040 elephanti
778 1964 900 2023 hostium
914 1964 1026 2040 accepti
1041 1964 1114 2022 nihil

143 2047 259 2128 ordines
280 2046 436 2102 turbarent.
491 2043 611 2102 Laelium
633 2042 730 2120 (cujus
758 2043 824 2100 ante*
840 2043 949 2120 -legati,
980 2063 1016 2100 eo
1036 2061 1150 2100 annoso

143 2124 290 2200 quaestcris
303 2135 383 2180 extra
397 2133 500 2180 sortem
525 2141 562 2179 ex
577 2121 845 2192 senatuis-consulto,
859 2124 944 2197 operi
967 2120 1114 2198 utebatur)

144 2222 211 2261 cum
227 2201 329 2259 Italico
342 2202 470 2276 equitatu
491 2200 527 2257 ab
552 2201 666 2258 sinistro
686 2219 787 2272 cornu,
812 2199 994 2256 Masinissam
1009 2199 1115 2272 Numi-

144 2282 251 2354 dasque
266 2281 302 2336 ab
323 2280 423 2336 dextro
445 2279 595 2354 opposuit:
631 2279 690 2335 vias
707 2287 837 2353 patentes
859 2278 932 2335 inter
953 2278 1114 2354 manipulos

145 2358 397 2432 antesignanorum
412 2357 544 2412 velitibus
556 2355 604 2432 (ea
617 2367 688 2413 tunc
702 2357 771 2414 levis
785 2368 928 2414 armatura
941 2357 1016 2435 erat)
1037 2374 1115 2414 ccm-

145 2435 246 2513 plevit3
275 2435 342 2492 dato
362 2445 514 2510 precepto,
536 2445 577 2508 ut,
598 2435 634 2491 ad
655 2435 793 2511 impetum
813 2436 1039 2511 elephantorum,
1064 2445 1149 2494 autes

144 2524 207 2590 post
230 2523 324 2570 rectos
345 2512 510 2588 refugerent
532 2513 657 2586 ordines,
676 2525 735 2586 aut,
756 2514 786 2572 in
807 2515 937 2572 dextram
957 2513 1115 2588 levamque

79 2633 82 2642 ‚
144 2593 276 2650 discursu
303 2591 481 2668 applicantes
502 2609 533 2650 se
554 2592 758 2668 antesignanis,
788 2593 873 2666 viam,
894 2593 953 2670 qui
973 2593 1115 2652 irruerent

146 2671 175 2730 in
190 2670 327 2748 ancipitia
347 2670 413 2744 tela,
427 2670 529 2728 belluis
542 2671 654 2728 darent.
686 2671 842 2739 Hannibal,
857 2672 892 2729 ad
908 2667 1044 2729 terrorem
1058 2671 1115 2747 pri-

144 2769 234 2822 mum,
249 2750 416 2826 elephantos
432 2748 591 2826 (octoginta
604 2761 699 2808 autem
712 2761 804 2822 eraut,
818 2762 886 2826 quot
896 2749 977 2812 nullia
987 2759 1113 2826 unquam

144 2829 174 2887 in
196 2828 259 2886 acie
280 2828 347 2886 ante
369 2829 520 2908 habuerat)
536 2829 685 2886 instruxit:
710 2829 818 2891 deinde
842 2829 949 2886 auxilia
969 2828 1149 2904 Ligurumac

144 2907 360 2984 Gallorumque,
378 2905 542 2964 balearibus
563 2906 729 2982 Maurisque
753 2908 908 2977 admistis3
941 2908 970 2964 in
985 2907 1115 2966 secundi

144 2987 208 3044 acie
229 2985 484 3063 Carthaginienses
507 2984 657 3060 Afrosque,
679 2997 708 3043 et
732 2985 926 3044 Macedonum
948 2985 1114 3062 legionem;

144 3064 259 3124 modico
273 3065 340 3122 inde
365 3063 512 3122 intervallo
526 3063 634 3135 relicto,
658 3063 859 3122 subsidiariam
881 3065 974 3122 aciem
998 3063 1114 3122 Italico-

144 3161 208 3202 rum
223 3143 344 3199 militum
360 3141 474 3219 (Bruttii
488 3141 615 3218 plerique
629 3153 720 3216 erant,
734 3143 761 3200 vi
775 3163 810 3200 ac
823 3144 995 3201 necessitate
1005 3142 1113 3218 plures,
1213 3169 1216 3174 ·

144 3218 231 3296 quam
246 3219 298 3276 ani
314 3220 467 3290 voluntate,
482 3221 671 3280 decedentem
692 3241 728 3278 ex
750 3219 839 3293 Italia
852 3222 956 3300 secuti)
971 3221 1149 3284 instruulbns

147 3297 313 3374 Equitatum
336 3297 422 3354 etiam
444 3298 537 3374 ipsum
568 3299 759 3358 circumdedit
789 3301 946 3358 cornibus:
981 3299 1115 3358 dextrum

147 3375 411 3452 Carthaginienses,
432 3376 578 3436 sinistrum
599 3377 735 3436 Numidae
756 3389 919 3436 tenuerunt.
960 3377 1049 3436 Varia
1066 3378 1116 3434 ad-

147 3454 269 3514 hortano
282 3465 343 3513 arat
356 3453 386 3512 iu
400 3455 529 3512 exercitu
544 3457 616 3514 inter
640 3467 681 3514 tot
704 3457 844 3531 homines,
867 3457 971 3532 quibus
988 3475 1046 3514 non
1060 3455 1115 3524 Ιίει-Γ

146 3549 213 3609 gua,
228 3551 286 3590 non
302 3551 372 3599 mos,
393 3551 451 3590 non
472 3531 527 3604 lex,
541 3553 600 3592 uon
621 3553 708 3602 arma,
722 3554 782 3593 non
797 3536 914 3594 vestitus
933 3535 1113 3609 habitusque,

146 3629 205 3670 uon
219 3629 308 3670 causa
327 3611 468 3670 militandi
489 3611 590 3670 eadem
604 3624 688 3670 esset.
730 3615 927 3688 Auxiliaribus
946 3627 976 3670 et
989 3628 1149 3689 praesancta

146 3697 176 3744 et
190 3688 378 3765 multiplicata
398 3707 510 3748 merces
530 3707 567 3746 ex
588 3691 683 3764 predi
704 3701 879 3750 ostentatur:
913 3692 989 3750 Galli
1003 3693 1115 3767 proprio

21 3799 23 3824 r
111 3816 113 3821 .
147 3774 232 3841 atque
246 3766 332 3826 insito
345 3767 375 3827 in
389 3765 538 3826 Romanos
550 3767 617 3824 odio
630 3769 847 3827 accenduntur:
868 3770 1023 3848 Liguribus
1036 3787 1114 3827 cant·
