2630 4228
493 325 508 378 '-
535 354 638 408 arana
654 359 699 406 rx.
732 371 859 406 cram.
1053 389 1054 392 ,
1124 353 1177 414 161

216 496 383 556 offerentem
398 518 447 556 se:
468 498 610 558 Romanis
624 498 705 556 multi
726 497 856 570 fuissent,
876 495 1048 564 Alexandro,
1063 495 1181 570 velglo·

217 577 268 643 ris,
284 577 325 634 rel
340 595 434 634 rerum
449 578 655 654 magnitudine,
671 596 769 650 pares;
789 595 907 650 quornm
920 594 971 630 suo
981 573 1100 648 quisque
1112 573 1179 644 sato,

218 655 280 711 sine
293 655 409 730 publico
421 656 596 722 discrimine,
612 656 716 714 viveret
730 665 949 728 merereturque.

258 809 344 868 XIX.
367 811 479 878 Restat,
502 821 533 868 ut
552 811 641 885 copiae
662 811 752 884 copiis
773 819 982 884 comparentur,
1005 807 1047 863 rel
1063 826 1180 866 numero

198 887 262 950 uvel
276 888 395 944 militurn
410 908 526 964 genere,
541 889 583 946 vel
603 887 783 946 multitudine
798 887 974 944 auxiliarum.
1017 886 1181 942 Censeban·

219 976 264 1022 tur
278 966 341 1041 ejus
360 967 450 1022 aetatis
470 967 565 1024 lustris
579 968 691 1024 ducena
711 967 911 1042 quinquageqa
932 963 1020 1020 millia
1045 963 1179 1037 capitum.

220 1042 329 1118 Itaque,
344 1044 373 1100 in
387 1045 465 1100 omni
479 1045 639 1101 desectione
654 1043 795 1101 sociorum
814 1043 908 1100 Latini
925 1042 1057 1112 nominis,
1074 1042 1181 1098 urbano

220 1125 304 1196 prope
315 1123 428 1180 delectu
436 1124 536 1179 decem
549 1123 745 1180 scribebantur
755 1122 896 1196 legiones:
908 1121 1035 1193 quaterni
1045 1119 1180 1194 quinique

220 1201 361 1258 exercitus
381 1219 455 1274 saepe
475 1219 524 1274 per
538 1219 586 1258 eos
607 1219 697 1256 annos
718 1201 746 1256 in
762 1199 887 1269 Etrurii,
901 1197 929 1254 in
945 1197 1072 1262 Umbris,
1092 1197 1181 1254 Gallis

188 1301 212 1340 ιο
222 1277 348 1334 hostibus
362 1279 512 1354 adjunctis,
535 1279 564 1336 in
586 1279 714 1349 Samnio,
730 1279 758 1334 in
775 1278 900 1334 Lucanis
914 1277 1051 1350 gerebant
1067 1275 1180 1332 bellurn.

220 1354 332 1412 Latium
348 1357 451 1412 deinde
465 1375 550 1413 omne
571 1375 637 1412 curn
661 1355 785 1428 Sabinis,
798 1366 827 1411 et
841 1354 961 1423 Volscis,
976 1365 1005 1410 et
1020 1353 1130 1427 AEquis,
1152 1365 1181 1412 et

219 1433 297 1490 omni
312 1435 480 1508 Campaniri,
494 1447 522 1492 et
535 1445 614 1509 parte
629 1433 753 1492 Umbriae
768 1433 952 1510 Etruriaeque,
967 1444 995 1488 et
1005 1432 1180 1499 Picentibus,

220 1522 248 1567 et
263 1509 374 1581 Marsis,
391 1512 581 1588 Pelignisque,
596 1531 630 1568 ac
644 1511 780 1578 Vestinis
807 1523 890 1585 atque
910 1510 1021 1584 Apulis,
1036 1511 1181 1584 adjuncti.-

220 1608 274 1662 que
288 1590 366 1646 omni
379 1591 430 1648 orsi
443 1591 608 1648 Graecorum
623 1590 711 1647 Inferi
727 1592 811 1646 maris
825 1589 971 1646 aTlruriis
985 1588 1138 1662 Neapolim
1152 1600 1181 1644 et

188 1667 337 1736 rsCumas,
352 1679 381 1724 et
394 1668 460 1726 inde
475 1669 564 1726 Antio
578 1681 661 1742 atque
675 1669 766 1724 Ostiis
780 1679 865 1724 tenus
878 1667 1030 1736 Samnites,
1046 1677 1095 1722 aut
1109 1667 1181 1724 soci·

219 1763 252 1800 os
267 1745 371 1802 validos
385 1746 535 1814 Romanis,
550 1757 598 1804 aut
613 1747 716 1804 fractos
735 1747 808 1803 bello
822 1745 976 1806 invenisset
992 1746 1094 1801 hostes
1137 1744 1182 1836 Ip-

220 1841 251 1878 se
273 1823 428 1898 trajecisset
450 1844 526 1881 mare
548 1845 614 1882 cunr
637 1825 776 1881 veteranis
796 1823 1016 1894 Macedonibus
1041 1843 1098 1880 non
1119 1823 1182 1898 plus

220 1901 336 1976 triginta
362 1903 486 1960 millibus
506 1904 662 1971 hominurn,
684 1914 713 1960 et
743 1915 861 1978 quatuor
891 1901 1015 1958 millibus
1044 1902 1180 1976 equiturn,

220 1980 342 2036 maxime
357 1981 577 2038 Thessalorum:
600 1983 653 2038 boc
667 1982 744 2038 enim
763 1982 870 2038 roboris
891 1991 958 2036 erat.
1002 1981 1111 2052 Persas,
1133 1980 1181 2036 In-

186 2057 280 2138 aedos,
301 2059 425 2133 aliasque
452 2060 475 2116 si
502 2059 678 2134 adjunxisset
703 2072 811 2134 gentes,
835 2059 1068 2134 impedimentum
1091 2059 1181 2133 majus

219 2133 305 2208 quam
320 2137 455 2193 auxilium
469 2139 601 2194 traheret.
644 2139 736 2206 Adde,
750 2136 823 2214 quod
848 2137 988 2194 Romanis
1010 2138 1044 2193 ad
1065 2155 1180 2194 manum

220 2213 296 2269 domi
311 2215 537 2288 supplementum
552 2227 645 2272 esset:
679 2217 841 2275 Alexandro
856 2215 943 2290 (quod
958 2215 1181 2289 posteanHanni·

221 2291 275 2347 bali
291 2291 420 2371 accidit),
436 2293 529 2351 alieno
543 2294 572 2350 in
587 2313 654 2370 agro
675 2295 799 2362 bellanti,
815 2295 957 2350 exercitus
972 2294 1177 2351 consen-uisset.

222 2370 317 2439 Arma,
341 2369 457 2445 clypeus
478 2373 642 2446 sarissaeque
664 2373 737 2442 illis;
772 2373 906 2432 Romane
931 2386 1055 2438 scutum,
1088 2373 1180 2448 majus

185 2449 328 2522 aseorpori
343 2458 548 2524 tegumentum,
564 2462 593 2507 et
606 2451 705 2526 pilum,
720 2452 794 2508 baud
810 2452 902 2526 paulo,
924 2450 1009 2524 qurlm
1025 2452 1112 2521 basta,
1135 2471 1180 2508 re·

219 2525 380 2583 hementius
401 2527 459 2584 ictu
481 2528 623 2603 missuque
647 2528 743 2585 telum.
786 2531 926 2586 Statarius
950 2539 1067 2603 uterque
1088 2530 1178 2601 miles,

218 2603 333 2660 ordines
363 2623 493 2661 servans:
528 2607 578 2663 sed
604 2607 652 2664 illa
684 2608 806 2682 phalanx
842 2607 1003 2677 immobilia,
1036 2619 1065 2664 et
1094 2609 1179 2665 unius

218 2681 350 2756 generis:
372 2683 506 2740 Romana
519 2685 596 2741 acies
607 2687 775 2758 distinctior,
789 2705 824 2742 ex
835 2687 962 2760 pluribus
971 2686 1097 2758 partibus
1111 2705 1179 2743 oon-

218 2769 315 2829 stans;
337 2760 428 2818 facilis
444 2763 585 2836 partienti,
611 2765 790 2838 qudcumque
810 2784 880 2838 opus
901 2773 983 2829 esset,
1006 2763 1096 2820 facilis
1114 2764 1183 2839 jun·'

184 2838 305 2912 cogenti.
347 2839 411 2896 Jarn
427 2841 455 2896 in
470 2859 554 2916 opere
569 2842 631 2916 quis
645 2858 695 2917 par
713 2844 842 2899 Romano
857 2843 937 2898 miles
950 2843 961 2897 l
983 2842 1045 2916 quis
1060 2843 1095 2898 ad
1111 2843 1178 2900 tole·

218 2917 336 2972 randum
359 2917 482 2975 laborem
505 2919 624 2978 meliori
677 2921 741 2978 Uno
764 2921 863 2995 prcelio
890 2921 981 2977 victus
1003 2920 1176 2988 Alexander,

217 2992 291 3049 bello
305 2995 395 3051 victus
409 3007 491 3054 esset.
533 2997 708 3063 Romanurn,
722 3019 806 3073 quem
822 2999 974 3068 Caudium,
996 3017 1079 3072 quem
1102 2999 1178 3056 Con·

217 3089 261 3126 nae
276 3091 332 3128 non
349 3073 500 3148 fregerunt,
515 3095 577 3150 quae
593 3077 724 3152 fregisset
737 3078 837 3132 acies?
880 3067 908 3132 N
912 3096 944 3142 ae,
961 3077 1006 3132 ille
1021 3095 1104 3151 sape,
1127 3080 1177 3136 eti-

217 3148 286 3204 arnsi
301 3151 391 3224 prirna
405 3154 535 3227 prospere
550 3155 719 3223 evenissent,
735 3155 835 3210 Persas
848 3165 875 3210 et
891 3155 977 3211 ludos
991 3167 1019 3212 et
1033 3155 1176 3215 imbellem

182 3226 316 3283 asAsiam
330 3230 485 3302 quaesisset,
500 3245 528 3288 et
542 3251 607 3288 cum
624 3233 746 3288 soeminis
760 3233 813 3288 sibi
829 3233 932 3290 bellum
946 3234 1031 3290 fuisse
1041 3234 1174 3293 dixisset·

215 3305 289 3378 quod
317 3305 395 3381 Epiri
423 3328 519 3384 regem
541 3311 744 3377 Alexandrum,
776 3311 918 3369 mortifero
940 3314 1055 3368 vulnere
1076 3313 1174 3386 ictum,

216 3383 321 3440 dixisse
343 3385 445 3458 ferunt,
467 3398 569 3444 sertem
592 3387 727 3444 bellorum
753 3389 782 3446 in
811 3389 879 3446 Asia
899 3401 1041 3465 gestorum
1064 3391 1175 3450 abhoc

215 3461 276 3536 ipso
286 3463 391 3538 juvene
406 3483 471 3520 cum
486 3467 538 3522 sud
552 3465 755 3524 conferentem.
776 3481 779 3490 ’
798 3467 947 3542 Equidem,
962 3487 1048 3542 quum
1063 3489 1113 3542 per
1128 3489 1175 3527 an·

214 3559 267 3596 nos
279 3553 397 3615 quatuor
410 3553 440 3599 et
454 3543 554 3618 viginti
568 3545 658 3618 primo
671 3543 781 3602 Punico
796 3545 869 3603 bello
880 3547 1018 3602 elassibus
1032 3559 1173 3606 certatum

182 3633 282 3674 tecum
296 3620 392 3677 Poenis
406 3622 547 3689 recordor,
563 3623 608 3684 rix
632 3633 742 3680 atatem
758 3624 917 3680 Alexandri
937 3625 1119 3680 suffecturam
1134 3626 1175 3682 tir·

214 3695 270 3754 isse
284 3716 345 3754 reor
359 3699 395 3755 ad
409 3719 497 3756 unum
508 3699 611 3758 bellurn
623 3721 630 3758 t
652 3713 680 3758 et
688 3702 814 3772 forsitan,
825 3721 912 3775 quum
924 3713 953 3758 et
964 3702 1117 3758 soederibus
1128 3721 1174 3759 ve·

214 3776 296 3832 tastis
306 3776 407 3852 juncta
422 3778 585 3913 Puni⁰f4¹se⁵
596 3779 736 3838 Romanae
747 3789 832 3846 esset,
847 3791 876 3836 et
887 3781 969 3836 timor
981 3797 1031 3853 par
1040 3779 1174 3840 adversus
