2630 4228
470 321 575 373 LIBER
590 319 662 372 XXI.
693 336 752 372 car.
764 335 852 373 xxm.
972 363 980 367 -
1085 325 1143 384 1⁷29

184 465 280 542 equite
292 464 407 534 relictis,
421 473 450 520 et
463 441 587 522 maxima
600 473 679 537 parte
692 462 840 538 peditum3
870 462 930 538 ipse
943 481 1010 520 cum
1029 464 1143 554 expedi·

183 544 504 616 tis,acerrim0quoqae
525 541 593 606 viro,
601 541 716 614 raptim
741 542 885 616 angustias
907 541 1060 610 evadit3
1052 541 1142 617 risque
1157 562 1203 631 ss
1300 573 1301 612 J

182 621 251 696 ipsis
264 619 390 722 tumulis,
404 637 474 692 quos
488 619 582 697 hostes
595 627 755 689 tenuerant,
769 619 906 675 consedit.
1132 633 1185 664 α
1171 648 1181 668 ι
1300 617 1301 630 ’

222 773 371 832 XXXIII.
404 772 499 830 Prima
513 772 618 832 deiude
632 772 697 828 luce
715 783 808 829 castra
821 783 907 839 mota,
922 783 951 830 et
964 793 1067 850 agmen
1081 775 1144 832 reli-

161 871 269 928 squum
285 852 419 908 incedere
433 851 529 925 coepit.
570 849 636 906 Jarn
651 850 778 906 montani
795 851 877 925 signo
889 851 956 908 dato
970 870 1007 908 ex
1020 853 1143 910 castellis

184 933 219 988 ad
234 930 384 988 stationem
398 929 508 984 solitam
522 927 750 994 conveniebant:
770 947 857 1000 quum
869 928 989 1016 repente
1004 931 1144 1004 conspici·

184 1009 328 1076 antelios,
343 1007 560 1080 arceoccupati
582 1004 645 1076 sud,
666 1024 749 1078 super
762 1016 848 1079 caput
868 1005 1060 1078 immInentes,
1074 1007 1144 1064 alios

184 1087 230 1142 via
244 1085 363 1142 transire
377 1084 479 1140 hostes.
523 1082 646 1161 Utraque
670 1082 753 1138 simul
775 1083 887 1158 objecta
910 1102 956 1139 res
972 1084 1063 1140 oculis
1084 1085 1145 1140 ani·

185 1165 313 1252 misque
308 1160 466 1220 immobiles
480 1178 630 1234 parumper
644 1178 693 1216 eos
706 1159 823 1216 defixit:
854 1161 959 1216 deinde
981 1171 1012 1217 ut
1024 1162 1145 1236 trepida-

152 1259 176 1298 ιι
185 1241 291 1298 tionem
305 1239 334 1295 in
349 1238 496 1312 angustiis,
519 1254 625 1311 suoque
650 1237 756 1326 ipsum
753 1237 886 1294 tumultu
907 1237 1020 1294 misceri
1041 1257 1144 1328 agmen

185 1319 290 1386 videre,
304 1317 384 1390 equis
398 1316 520 1372 maxime
534 1314 731 1384 consternatis,
755 1315 892 1390 quidquid
906 1315 1099 1406 adjecissent
1091 1317 1145 1391 ipsi

185 1396 306 1463 terroris,
321 1394 389 1450 satis
402 1393 437 1448 ad
452 1391 609 1482 perniciem
623 1391 682 1450 fore
696 1391 759 1459 ran,
782 1393 917 1467 perversis
931 1393 1075 1468 rupibus'
1065 1394 1146 1469 Juxta

185 1473 261 1538 invia
275 1491 310 1528 ac
322 1471 405 1528 devia
419 1471 524 1528 assueti
538 1469 711 1530 discurrunt.
752 1469 829 1526 Tum
854 1469 919 1526 verd
934 1471 1016 1526 simul
1032 1471 1068 1526 ab
1083 1473 1145 1528 hos-

185 1549 270 1616 tibus,
297 1549 380 1606 simul
410 1548 445 1604 ab
470 1548 616 1627 iniquitate
637 1548 780 1605 locorum
784 1547 866 1604 Poeni
885 1549 1144 1623 oppugnabantur3

153 1647 177 1687 ιι
185 1629 302 1703 plusque
324 1628 397 1684 inter
417 1626 492 1701 ipsos
512 1626 580 1702 (sibi
596 1645 706 1700 quoque
720 1626 866 1698 tendente,
880 1637 912 1682 ut
930 1626 1057 1700 periculo
1070 1626 1145 1700 priris

77 1715 83 1718 “
185 1707 342 1799 evaderet),
355 1723 440 1778 qnam
453 1723 520 1764 cum
535 1704 670 1774 hostibus,
684 1703 848 1770 certaminis
858 1671 930 1760 brat.
972 1703 1045 1778 Equi
1060 1705 1146 1760 maxi·

186 1803 231 1840 me
222 1783 381 1840 infestum
403 1800 506 1870 agmen
530 1749 683 1847 faciebanl,
704 1782 752 1855 qui
773 1792 802 1838 et
822 1781 993 1839 clamoribus
1013 1783 1144 1849 dissonis,

185 1881 256 1935 qnos
282 1877 398 1918 nemora
422 1859 507 1918 etiam
530 1867 758 1933 repercusseque
782 1859 868 1916 valles
883 1859 1041 1934 angebant,
1055 1859 1145 1915 territi

186 1939 382 2019 trepidabant3
403 1947 432 1994 et
446 1937 495 1994 icti
509 1937 579 1994 forte
598 1947 649 1993 aut
670 1937 808 1994 vulnerati
830 1935 901 1994 adeo
926 1937 1146 1992 consternaban-

151 2027 241 2083 sotur,
268 2027 300 2074 ut
326 2028 449 2104 stragem
471 2015 617 2090 ingentem
638 2014 722 2070 simul
744 2015 890 2070 hominum
915 2033 950 2070 ac
970 2015 1145 2070 sarcinarum

186 2095 278 2154 omnis
292 2093 405 2168 generis
418 2092 564 2148 facerent:
593 2093 751 2180 multosque
772 2091 854 2150 turba
856 2110 965 2166 ,quum
986 2091 1146 2166 precipites

187 2173 368 2245 deruptaeque
383 2169 523 2246 utrimque
540 2169 677 2244 angustiae
698 2181 804 2241 essent,
819 2170 848 2226 in
870 2170 1040 2226 immensum
1056 2169 1147 2225 altitu-

186 2249 262 2304 dinis
286 2247 406 2322 dejecit3
431 2243 573 2320 quosdam
595 2259 627 2304 et
650 2258 789 2304 armatos.
823 2247 884 2313 sed,
905 2247 995 2303 ruinae
1016 2247 1146 2304 maxime

186 2327 280 2392 modo,
298 2326 428 2400 jumenta
448 2342 514 2380 cnm
535 2325 668 2380 oneribus
689 2325 917 2381 devolvebantur
957 2323 1034 2384 Quae
1048 2343 1147 2399 quam-

151 2421 269 2478 as-qnarn
284 2403 359 2459 loeda
379 2403 441 2460 visu
460 2411 551 2473 erant,
565 2402 643 2460 stetit
656 2421 805 2477 parumper
828 2413 923 2460 nmen
937 2401 1091 2472 Hannibal,
1112 2421 1147 2458 ac

186 2501 253 2538 suos
279 2480 430 2551 continuit,
458 2498 496 2548 ne
523 2447 674 2537 trimultnm
703 2498 737 2540 ac
765 2480 982 2555 trepidationem
1008 2491 1146 2555 augeret:

187 2558 302 2630 deinde,
329 2570 474 2632 postquam
503 2557 669 2632 interrumpi
696 2575 799 2646 agmen
830 2557 908 2626 vidit,
933 2558 1147 2646 periculumque

186 2653 259 2705 esse,
275 2654 310 2694 ne
324 2646 440 2692 exutum
456 2635 666 2710 impedimentis
685 2633 843 2694 exeicitum
866 2634 1076 2708 nequidquam
1070 2654 1148 2691 inco-

187 2713 293 2770 lumem
307 2713 486 2779 traduxisset,
501 2712 626 2770 decurrit
638 2731 677 2770 ex
686 2712 831 2787 superiore
844 2712 924 2779 loco3
946 2722 984 2777 et,
998 2729 1084 2785 quum
1097 2712 1148 2768 irn-

153 2791 329 2866 apstuipso
362 2791 481 2848 fudisset
507 2791 627 2861 hostem,
653 2791 712 2846 suis
738 2808 849 2863 quoqne
880 2751 1031 2846 tuinultum
1061 2789 1147 2846 auxit.

189 2869 246 2926 Sed
259 2869 283 2925 is
296 2869 432 2926 tumultus
446 2877 589 2926 momento
602 2867 746 2941 temporis,
768 2878 915 2942 postquam
935 2867 1054 2924 liberata
1067 2867 1150 2924 itine-
1228 2901 1230 2903 -

190 2965 222 3004 ra
248 2946 317 3022 lugd
339 2956 536 3003 montanorum
557 2955 649 3012 erant,
663 2945 796 3002 sedatur:
818 2964 874 3002 nec
886 2964 937 3019 per
950 2944 1040 3001 otium
1054 2945 1149 3011 modd,

187 3025 239 3080 sed
263 3023 348 3098 prope
368 3023 491 3111 silentio,
506 3041 578 3111 mox
600 3024 700 3080 ornnes
720 3023 852 3080 traducti.
893 3022 1050 3079 Castellum
1072 3023 1149 3093 iude,
1219 3043 1223 3048 ·

148 3142 154 3152 .
188 3101 263 3175 quod
277 3111 363 3176 caput
376 3101 439 3176 ejus
452 3099 576 3176 regionis
589 3110 658 3167 erat,
673 3100 837 3174 viculosque
850 3100 1051 3190 circumjectos
1064 3101 1150 3176 capit,

154 3189 219 3238 sset
232 3180 406 3254 captivorum
427 3178 580 3270 pecoribus
604 3196 673 3252 per
675 3177 800 3252 triduum
820 3179 977 3234 exercitum
999 3179 1087 3236 oluit:
1121 3187 1151 3235 et

189 3257 256 3330 quia
267 3275 323 3314 nec
338 3256 480 3314 montanis
493 3256 583 3330 primo
571 3253 744 3328 perculsis,
763 3274 818 3312 nec
837 3255 901 3312 loco
915 3275 1087 3332 magnopere
1100 3257 1152 3312 im·

189 3334 387 3420 pediebantur,
401 3333 577 3408 aliquantum
591 3351 626 3389 eo
639 3332 771 3390 triduo
746 3352 798 3390 vne
812 3333 972 3390 confecit.

231 3489 375 3548 XXXIV.
416 3489 589 3548 Perventum
621 3489 689 3546 inde
722 3490 758 3548 ad
792 3489 967 3565 frequentem
997 3490 1153 3550 cultoribus

191 3569 290 3640 aliurn,
314 3580 345 3626 ut
368 3569 440 3626 inter
461 3579 606 3638 montana,
619 3567 762 3642 populum.
805 3568 849 3626 lbi
871 3587 928 3627 non
947 3568 1022 3626 bello
1045 3579 1152 3642 aperto,

157 3647 242 3706 cased
265 3647 323 3703 suis
346 3647 463 3712 artibus,
483 3645 591 3710 fraude,
613 3645 717 3702 deinde
741 3647 860 3712 insidiis,
874 3653 919 3704 ast
932 3648 1017 3720 prope
1032 3647 1153 3702 circurn-

192 3735 302 3782 ventus.
324 3723 432 3800 Magno
440 3737 509 3782 natu
517 3723 659 3798 principes
668 3725 847 3784 castellorum
855 3735 979 3782 oratores
987 3724 1023 3780 ad
1032 3723 1153 3780 Poenurn
