2630 4228
129 335 186 398 n
387 301 390 307 ’
539 333 610 386 τιτι
626 283 728 385 ιιιιιί

146 475 270 538 “omnia
283 489 384 554 preter
398 477 504 534 bellum
518 478 610 534 omitti
625 477 757 552 placere:
785 476 868 552 cujus
881 475 905 532 si
920 473 991 534 sarisb
1005 474 1110 537 santam

146 557 165 591 “
176 559 328 632 vulgatam,
344 575 471 630 vanaque
486 575 542 612 non
559 557 676 612 nuntios
687 553 789 621 solunt,
813 556 862 611 sed
879 555 1111 614 Tusculanorum

145 635 259 692 “etiarn
275 635 393 709 legatos,
408 633 534 690 attulisse
549 645 656 707 putent.
672 633 864 708 speculatores
877 634 1030 690 mittendos
1043 653 1112 692 cen·

145 715 247 784 “sere,
262 717 309 786 qui
325 711 432 768 certius
455 712 599 786 explorata
623 711 755 768 reserant.
778 711 849 768 ‚Sin
871 711 942 767 fides
961 724 990 768 et
1004 713 1111 770 nuntiis

146 793 202 847 “et
217 790 317 866 legatis
342 790 488 855 habeatur,
512 789 654 846 deiectum
670 789 760 864 primo
780 808 890 864 quisque
912 802 1038 864 ternpore
1064 791 1146 846 hrt-⁵

146 869 254 937 “bcri;
289 867 476 932 decemviros,
503 865 558 942 qno
573 868 676 942 cuique
690 887 789 924 eorum
811 869 948 938 videatur,
969 869 1112 925 exercitus

145 949 298 1016 “ducere;
320 965 374 1003 nec
389 964 448 1002 rem
463 945 551 1044 aiam,
558 945 717 1020 praeverti.”

185 1102 266 1160 XLI.
302 1101 337 1159 In
353 1103 428 1159 hanc
452 1102 622 1158 sententiam
647 1110 684 1158 ut'
694 1101 899 1172 discederetur,
911 1102 1038 1178 juniores
1060 1104 1113 1161 Pa·

146 1192 219 1240 trum
234 1181 414 1238 evincebant.
457 1179 624 1238 Ferociores
638 1181 740 1236 iteruin
755 1181 844 1238 coorti
856 1181 999 1240 ‘Valerius
1023 1182 1112 1251 Hora-

145 1260 257 1334 tiusque
272 1258 430 1323 vociferari,
454 1263 469 1294 ⁸⁴
484 1272 514 1315 ut
527 1259 563 1314 de
578 1259 724 1332 republica
738 1259 838 1316 liceret
851 1259 965 1315 dicere:
987 1259 1112 1317 dicturos
1125 1273 1146 1314 tt

144 1340 163 1374 “
173 1339 208 1394 ad
224 1338 368 1412 populum,
383 1337 405 1392 si
422 1337 451 1392 in
466 1349 566 1393 senatu
581 1355 630 1411 per
645 1336 798 1394 factionem
813 1357 869 1393 non
885 1337 987 1395 liceat:
1020 1341 1112 1413 neque

144 1417 250 1473 “enirn
265 1415 318 1471 sibi
333 1415 465 1490 privatos,
480 1425 528 1471 aut
543 1415 571 1470 in
587 1417 666 1472 curiit
681 1427 730 1472 aut
751 1416 779 1471 in
803 1416 952 1484 concione,
969 1436 1050 1491 posse
1063 1419 1113 1474 ob·

145 1499 164 1532 ‘⁶
174 1507 266 1560 stare;
288 1511 380 1566 neque
395 1511 426 1548 se
441 1493 616 1568 imaginariis
631 1492 756 1549 fascibus
770 1513 868 1550 eorum
880 1497 1110 1553 cessurosesse.”

119 1595 124 1600 ·
145 1569 224 1630 Tum
240 1571 360 1645 Appius,
373 1571 431 1645 jam
447 1570 531 1646 prope.
546 1591 609 1627 esse
627 1584 714 1642 ratus,
740 1581 779 1642 ut,
804 1573 833 1628 ni
859 1573 998 1646 violentiae
1012 1571 1110 1631 eorum

143 1652 204 1726 pa‘i
226 1649 405 1705 resisteretur
432 1649 563 1720 and-sciri,
590 1649 696 1706 victum
719 1650 869 1724 imperium
899 1665 982 1721 esset,
1014 1653 1145 1710 “Nonis

144 1728 225 1784 “erit
253 1727 383 1796 melius,¹'
411 1727 512 1800 inquit,
538 1727 620 1784 “nisi
646 1728 683 1784 de
710 1747 766 1802 quo
793 1729 978 1798 consulimus,
1012 1749 1110 1789 rocem

143 1805 329 1862 “misisae:”
364 1805 441 1860 etad
460 1805 613 1874 Valerium,
629 1818 781 1881 negantem
806 1827 837 1863 se
858 1807 965 1881 privato
980 1810 1109 1877 reticere,

77 1939 82 1946 .
143 1883 271 1942 lictorem
287 1883 426 1939 accedere
436 1882 529 1958 jussit.
571 1883 636 1940 Jam
657 1883 817 1945 Quiritium
842 1885 926 1942 fidem
942 1887 1110 1962 implorante

143 1961 259 2021 Valerio
278 1980 295 2018 a
316 1959 404 2018 curiae
428 1961 536 2028 limine,
564 1961 588 2018 L
619 1963 771 2020 Cornelius
792 1964 958 2038 complexus
973 1966 1109 2040 Appium,

142 2059 201 2104 nen
216 2040 263 2101 cui
278 2039 430 2099 simulabat
441 2041 628 2106 consulendo,
648 2041 762 2094 diremit
785 2055 950 2094 cenamen:
978 2042 1148 2111 factaqueas

144 2143 194 2200 per
208 2121 375 2180 Cornelium
389 2118 505 2174 Valerio
518 2116 634 2175 dicendi
659 2115 758 2190 gratia,
782 2135 844 2189 qnae
858 2115 950 2184 velet,
975 2135 1063 2189 quum
1078 2115 1110 2172 ii·

144 2203 240 2259 bertas
260 2219 317 2256 non
343 2197 415 2254 ultra
437 2215 534 2252 vocem
557 2195 735 2263 excessisset,
758 2193 913 2250 decemviri
935 2193 1109 2268 propositum

55 2325 60 2344 ,
143 2279 272 2337 tenutire.
315 2274 487 2332 Consulares
500 2291 611 2346 quoque
625 2291 659 2328 ac
674 2271 810 2336 seniores,
830 2272 866 2326 ab
892 2271 1007 2328 residuo
1021 2271 1110 2328 tribu·

54 2365 74 2426 j
143 2358 228 2416 niciae
251 2353 396 2430 potestatis
417 2352 492 2420 odio,
516 2350 784 2425 cujusdesiderium
800 2348 873 2430 plebi
896 2349 1110 2425 multri'acrius,
1177 2380 1183 2401 .

55 2477 65 2498 ,-
143 2436 228 2510 quarn
256 2429 415 2488 consuleris
442 2429 562 2503 imperii,
590 2429 724 2486 rebantur
751 2446 824 2498 esse,
846 2427 938 2501 prope'
957 2426 1149 2498 malebantas
1181 2482 1183 2486 ,

35 2509 45 2517 “
143 2511 292 2588 postmodo
307 2509 382 2584 ipsos
395 2507 571 2564 decemviros
586 2506 728 2563 voluntate
742 2505 820 2561 abire
835 2505 1010 2580 magistratu,
1025 2525 1062 2580 qu
1071 2509 1109 2562 im
1140 2578 1141 2581 Ἰ

78 2651 83 2658 ,
144 2591 252 2657 invidiis
273 2606 371 2645 eorum
395 2603 548 2660 exsurgere
575 2603 672 2642 rursus
699 2584 830 2658 piebem:
865 2583 888 2640 si
910 2584 1012 2642 leniter
1040 2585 1111 2640 duc·

61 2681 65 2689 ¹
144 2679 173 2728 ta
202 2687 247 2724 res
274 2667 336 2723 sine
363 2663 491 2740 populari
515 2663 643 2736 „strepitu
677 2663 712 2720 ad
740 2663 873 2718 consules
900 2663 1028 2732 redisset,
1063 2673 1111 2718 aut

144 2747 226 2803 bcllis
253 2744 435 2818 interpositis,
463 2747 514 2800 aut
539 2741 732 2798 moderatione
756 2741 905 2797 consulum
933 2740 961 2797 in
986 2741 1111 2814 imperiis

143 2823 323 2892 exercendiS,
351 2840 433 2894 posse
465 2821 494 2876 in
520 2819 691 2876 oblivionem
718 2819 894 2875 tribunorum
923 2819 1035 2892 plebem
1062 2819 1146 2874 ad-ao

48 2951 60 2966 ,
142 2903 221 2959 duci.
264 2899 385 2958 Silentia
412 2899 527 2954 Patrum
552 2897 674 2954 edicitur
695 2897 846 2954 delectus>
872 2897 1008 2972 juniores,
1023 2915 1111 2971 quum

143 2980 207 3036 sine
228 2977 427 3054 provocatione
450 2975 599 3050 imperium
624 2985 706 3042 esset,
733 2976 768 3030 atl
791 2975 907 3032 nomina
929 2976 1111 3050 respondent.

45 3083 55 3096 .‚
144 3057 321 3132 Legionibus
365 3054 487 3129 scriptis
525 3054 598 3109 iuter
638 3072 669 3109 se
707 3053 862 3109 decemviri
898 3055 1111 3128 comparabant,

98 3175 99 3180 =
144 3153 214 3202 unos
242 3135 282 3190 ire
310 3135 345 3190 ad
373 3133 488 3198 beilum,
504 3157 505 3162 ¹
520 3151 590 3206 quos
616 3150 737 3206 praeesse
761 3131 934 3188 exercitibus
960 3135 1111 3205 oporteret.

52 3209 58 3224 ³
144 3212 294 3286 Principes
317 3212 389 3268 inter
410 3211 587 3266 decemviros
608 3221 689 3266 erant
710 3209 751 3270 Q.
767 3208 874 3266 Fabius
895 3221 924 3266 et
948 3210 1002 3284 Ap.
1027 3209 1147 3266 Clau-as

93 3313 95 3318 ·
144 3291 229 3347 dius:
252 3290 357 3346 bellum
379 3288 456 3344 dorni
481 3288 581 3363 majus,
604 3289 692 3362 quarn
719 3287 794 3356 foris,
819 3289 981 3362 apparebat.
1025 3287 1111 3363 Appii

146 3368 309 3425 violentiam
324 3365 460 3441 aptiorem
475 3367 528 3423 rati
553 3366 590 3450 pti
613 3365 846 3439 comprimendos
862 3368 987 3446 urbanos
1001 3379 1111 3426 motus:

75 3486 80 3494 -
141 3445 174 3523 ¹in
190 3445 281 3503 Fabio
296 3444 388 3502 mimis
403 3445 430 3501 in
447 3445 522 3501 bono
541 3445 687 3514 constans,
708 3443 802 3517 quarn'
816 3441 919 3501 navum
944 3445 971 3500 iu
996 3444 1111 3509 malitie,

112 3567 113 3572 ι
144 3519 293 3598 ingenium
308 3543 390 3580 esse:
413 3524 490 3579 hunc
503 3523 580 3578 enim
596 3523 696 3592 virum,
715 3522 862 3596 egregium
881 3523 948 3578 olim
964 3522 1039 3578 douri
1063 3521 1113 3578 rni-

144 3601 277 3676 litiaeqne,
293 3601 500 3658 decemviratus
514 3601 687 3673 collegaeque
703 3601 741 3656 ita
761 3612 946 3668 mutaverant,
963 3611 993 3657 ut
1014 3600 1111 3674 Appii,
1122 3616 1147 3657 to

143 3680 229 3754 quaint
257 3680 311 3749 sni,
339 3679 439 3735 similis
466 3679 562 3734 maliet
588 3697 660 3734 esse.
713 3678 792 3734 Huic
815 3677 919 3735 bellurn
942 3679 971 3736 in
986 3679 1112 3745 Sabinis,
1169 3729 1172 3734 .

144 3758 246 3817 Manio
260 3757 402 3833 Rabulejo
425 3767 454 3813 et
470 3755 511 3818 Q.
526 3755 646 3813 Poetelio
659 3755 763 3813 additis
787 3756 914 3832 collegis,
937 3757 1112 3816 mandatum.
