2620 4220
141 309 203 372 220
540 303 611 357 'l‘l'l'l
628 303 712 357 lell

143 461 242 518 noctu,
256 449 353 507 venire
376 465 440 506 sese
461 447 555 516 vellet,
580 447 682 506 iisdem
700 466 736 504 an
751 445 814 504 aliis
827 444 976 503 considere
996 445 1109 505 castris.

142 529 236 588 Nocte
251 527 324 584 clam
339 526 451 604 ingredi
466 526 568 583 melius
581 526 672 583 visum
686 535 737 583 est.

180 681 290 742 XLVI.
312 682 437 741 Tessera
450 700 501 758 per
514 691 607 739 castra
621 681 658 738 ab
671 681 753 738 Livio
773 679 891 737 consule
912 679 978 736 data
992 689 1062 750 erat,
1076 687 1110 737 'ut

141 761 286 819 tribunum
315 761 456 827 tribunus,
483 759 614 816 centurio
634 759 842 824 centurionem,
863 776 951 831 eques
970 757 1107 832 equitem,

140 839 229 916 pedes
251 839 377 914 peditem
399 838 560 912 acciperet:
594 855 687 911 neque
708 837 786 893 enim
800 836 911 892 dilatari
925 846 1018 893 castra
1037 854 1110 910 opus
1132 854 1146 893 ⁵

141 936 215 990 esse,
229 935 266 973 ne
281 917 368 974 bostis
389 915 541 973 adventurn
564 915 679 972 alterius
695 914 821 973 consulis
841 914 975 970 sentiret:
1009 923 1039 970 et
1059 932 1109 972 co·

142 995 261 1052 arctatio
274 995 396 1070 plurium
411 993 440 1052 in
455 1003 577 1069 angusto
598 993 779 1050 tendentium
799 991 909 1049 facilior
930 991 1024 1049 futura
1036 1002 1109 1064 erat,

141 1072 215 1148 qudd
230 1072 407 1129 Claudianus
420 1072 563 1128 exercitus
577 1071 647 1128 nihil
662 1071 760 1137 ferme,
779 1080 881 1146 praeter
895 1088 983 1137 arma,
1005 1089 1107 1126 seeum

143 1151 172 1208 in
187 1150 398 1225 expeditionem
418 1149 530 1207 tulerat.
571 1149 730 1216 Caeterum,
745 1149 775 1205 in
790 1149 851 1224 ipso
866 1147 967 1204 itinere
991 1159 1108 1204 auctum

142 1229 306 1286 voluntariis
320 1247 424 1304 agmen
438 1239 499 1284 erat
507 1246 515 1296 ;
547 1227 732 1284 offerentibus
755 1245 818 1283 sese
837 1226 910 1284 ultro
923 1236 953 1282 et
965 1227 1110 1282 veteribus
1121 1245 1145 1284 ro

142 1305 280 1363 militibus
294 1306 451 1381 perfunctis
461 1306 520 1381 jam
535 1305 646 1378 militie,
660 1316 689 1362 et
700 1304 865 1381 juvenibus,
885 1321 957 1378 quos
977 1305 1108 1360 certatim

142 1385 260 1441 nomina
273 1385 383 1451 dantes,
405 1384 429 1440 si
443 1401 561 1458 quorum
583 1383 708 1458 corporis
723 1383 833 1458 species
846 1383 987 1456 roburque
1007 1383 1110 1438 virium

142 1473 238 1537 aptum
253 1461 360 1520 militie
382 1461 539 1532 videbatur,
561 1461 779 1536 conscripserat.
821 1461 868 1517 Ad
884 1461 992 1518 Senam
1012 1470 1109 1516 castra

142 1539 257 1596 alterius
278 1539 403 1596 consulis
424 1550 524 1608 erant;
558 1550 587 1596 et
607 1537 778 1614 quingentos
805 1538 872 1595 inde
899 1541 988 1597 ferme
1009 1557 1110 1614 passus

142 1616 304 1673 Hasdrubal
319 1617 424 1673 aberat.
466 1615 566 1690 Itaque
580 1635 667 1691 quum
679 1617 738 1692 jam
753 1617 998 1692 appropinquaret,
1013 1627 1109 1674 tectus
1119 1636 1144 1676 ιε

141 1694 285 1750 montibus
299 1694 424 1751 substitit
437 1693 525 1765 Nero,
550 1713 587 1751 ne
612 1705 678 1752 ante
701 1705 816 1752 noctem
838 1707 931 1751 castra
944 1695 1109 1770 ingredere·

141 1781 195 1828 tur.
237 1772 358 1829 Silentia
372 1771 503 1848 ingressi,
517 1773 553 1828 ab
567 1772 611 1830 sui
630 1773 749 1847 quisque
770 1771 878 1829 ordinis
893 1771 1063 1829 'hominibus
1077 1773 1108 1829 in

141 1851 262 1906 tentoria
283 1849 409 1917 abducti,
438 1869 505 1907 cum
526 1851 638 1907 summai
657 1852 785 1907 omniurn
813 1849 911 1906 laetitit
933 1850 1109 1925 hospitaliter

142 1927 331 2003 excipiuntur.
372 1927 489 1986 Postero
501 1929 548 1985 die
562 1927 713 1986 consilium
735 1927 874 2000 habitum,
888 1928 935 1984 cui
949 1939 978 1984 et
992 1929 1025 1984 L.
1040 1928 1109 1984 Por-

142 2005 205 2063 cius
218 2005 338 2062 Licinus
357 2016 458 2080 praetor
471 2006 561 2064 affuit.
603 2005 705 2062 Castra
715 2006 817 2082 juncta
837 2005 988 2062 consulum
1007 2005 1144 2066 castrisue

142 2083 286 2153 habebat3
320 2094 349 2140 et
369 2093 435 2140 ante
456 2083 610 2140 adventurn
634 2101 741 2153 eorum,
756 2101 806 2158 per
819 2083 883 2140 loca
896 2084 952 2140 alta
972 2085 1108 2142 ducendo

142 2163 311 2232 exercitum,
325 2181 412 2236 quum
427 2160 511 2218 modd
525 2161 662 2218 insideret
685 2171 821 2237 angustos
843 2161 940 2232 saltus,
963 2173 994 2220 ut
1007 2162 1109 2219 transi·

142 2249 203 2295 tum
218 2239 371 2308 clauderet,
386 2238 470 2295 modd
484 2239 521 2294 ab
534 2239 622 2296 latere
636 2249 685 2295 aut
699 2240 735 2295 ab
748 2250 829 2314 tergo
842 2250 971 2315 carperet
991 2257 1107 2315 agmen,

142 2313 306 2380 ludificatus
327 2317 435 2371 hostem
456 2316 589 2372 omnibus
610 2317 717 2372 artibus
738 2317 805 2374 belli
826 2317 936 2374 fuerat:
965 2317 990 2374 is
1003 2328 1063 2374 turn
1078 2318 1109 2374 in

142 2392 260 2448 consilio
275 2393 379 2448 aderat.
422 2391 578 2449 Multorum
593 2392 629 2449 ed
644 2393 786 2454 inclinant
804 2396 962 2468 sententie,
984 2407 1023 2466 ut,
1035 2396 1106 2452 dum
1117 2415 1146 2456 aa

77 2515 81 2524 .
142 2468 246 2525 sessum
269 2469 313 2526 virl
334 2487 369 2526 ac
392 2469 496 2546 vigiliis
515 2469 646 2528 reliceret
666 2473 786 2530 militem
806 2473 896 2546 Nero,
917 2475 1000 2532 simul
1021 2475 1108 2532 etad

141 2547 318 2604 noscendum
341 2547 451 2604 hostem
467 2567 574 2624 paucos
588 2549 641 2606 sibi
655 2551 864 2622 sumeret-dies,
879 2544 991 2628 tempus
1003 2571 1108 2628 pugnae

141 2624 311 2683 differretur.
352 2625 432 2684 Nero
445 2645 503 2684 non
517 2627 638 2684 suadere
653 2628 750 2696 modii,
765 2631 816 2692 sed
829 2632 942 2688 summa
959 2649 1012 2706 ope
1025 2649 1108 2688 orare

141 2702 252 2775 institit,
274 2709 339 2762 “ne
353 2705 503 2762 consilium
518 2725 612 2782 suum,
627 2707 702 2781 quod
717 2717 807 2764 tutum
831 2708 969 2766 celeritas
982 2709 1106 2777 fecisset,

142 2783 352 2840 “temerarium
376 2784 514 2840 morando
537 2785 673 2841 lacerent.
709 2785 818 2843 Errore
843 2785 905 2861 (qui
927 2806 984 2844 non
999 2788 1141 2853 diutur·aa

142 2864 226 2934 “nus
239 2860 351 2918 futurus
364 2862 452 2938 esset)
474 2862 550 2918 velut
563 2873 733 2937 torpentem,
749 2863 944 2924 Hannibalem
965 2883 1021 2922 uec
1044 2883 1107 2922 oas-

142 2942 213 2994 “tra
226 2957 278 2995 sua
291 2939 353 2996 sine
377 2939 452 2995 duce
473 2939 573 2996 relicta
596 2941 722 3015 aggredi,
743 2959 798 3000 nec
819 2943 855 2999 ad
877 2944 1053 3018 sequendum
1074 2961 1106 3000 se

141 3019 161 3053 “
169 3014 222 3071 iter
242 3016 408 3074 intendisse.
458 3017 621 3091 Antequam
642 3037 673 3074 se
693 3031 812 3090 moreat,
837 3021 925 3079 deleri
941 3023 1105 3079 exercitum

142 3091 359 3152 “Hasdrubalis
371 3113 463 3170 posse,
479 3094 657 3173 [redireque]
681 3097 710 3153 in
735 3098 880 3173 Apuliam.
933 3098 996 3161 Qui
1013 3100 1106 3174 prola-

142 3169 256 3226 “tando
269 3173 390 3246 spatium
406 3174 478 3230 hosti
493 3173 550 3244 det,
564 3190 630 3230 eum
651 3186 681 3231 et
695 3175 742 3232 illa
755 3187 848 3233 castra
861 3179 980 3252 prodere
995 3177 1141 3237 Hanni-as

142 3247 236 3315 “batt
262 3260 290 3305 et
314 3250 423 3324 aperire
444 3251 473 3306 in
495 3251 617 3309 Galliam
632 3253 694 3320 iter,
715 3267 747 3310 ut
768 3273 818 3329 per
837 3255 936 3322 otium,
959 3256 1007 3312 ubi
1029 3256 1105 3324 velit,

141 3325 343 3382 “Hasdrubali
367 3327 565 3403 conjungatur.
607 3329 758 3406 Extemplo
784 3332 898 3408 signum
919 3334 1056 3402 dandum,
1077 3345 1107 3391 et

141 3405 332 3462 “exeundum
348 3404 378 3460 in
402 3405 514 3468 aciem:
549 3408 780 3484 abutendumque
797 3429 892 3468 errore
913 3412 1036 3469 hostium
1057 3411 1106 3468 ab·

141 3483 161 3518 “
171 3480 294 3537 sentium
308 3482 566 3557 praesentiumque3
595 3486 664 3542 dum
678 3506 771 3562 neque
795 3488 834 3545 illi
849 3489 942 3562 sciant
955 3509 1022 3547 cunr
1036 3507 1106 3566 pau·
1126 3533 1130 3538 .

142 3563 162 3596 ‘⁶
170 3557 304 3626 moribus,
317 3579 375 3617 nec
389 3561 418 3618 bi
440 3579 505 3616 oum
528 3563 656 3636 pluribus
669 3575 699 3621 et
719 3565 910 3636 validioribus,
931 3587 1001 3638 rem,
1013 3567 1104 3625 esse.’'
1112 3585 1140 3628 tt

141 3634 270 3693 Consilio
282 3637 408 3705 dimisso,
423 3639 536 3713 signnm
551 3657 655 3714 pugna
666 3643 840 3718 proponitur,
853 3645 1061 3721 confestimque
1074 3645 1105 3704 in

141 3711 232 3768 aciem
246 3715 413 3790 procedunt.
