2632 4224
151 349 192 412 aa
549 351 620 404 τιτι
637 353 722 404 trvn

151 488 323 551 sumendum
344 493 514 570 supplicium
545 496 666 552 nudatos
694 495 780 571 virgis
809 495 934 562 cedunt,
963 498 1114 574 securique

151 569 277 639 sariunt3
310 591 397 646 quum
425 573 498 628 inter
518 591 603 629 omne
624 586 735 648 tempus
755 585 843 648 pater,
866 574 1013 648 vultusque
1034 589 1062 633 ct
1081 596 1114 634 os

149 647 221 722 ejus,
236 651 400 724 spectaculo
410 661 497 718 esset,
511 651 656 707 eminente
669 651 766 708 animo
790 652 881 725 patrio
905 652 979 708 inter
994 655 1114 726 publicae

149 741 241 800 poenae
264 725 461 784 ministerium.
504 729 670 784 Secundum
695 747 808 802 poenam
834 731 1009 795 nocentium,
1036 745 1066 788 ut
1085 733 1114 788 in

149 810 298 880 utramque
312 818 420 880 partem
435 806 567 863 arcendis
581 807 736 862 sceleribus
747 807 908 880 exemplum
924 807 1017 863 nobile
1029 821 1114 876 esset,
1136 821 1148 860 t
1173 809 1178 817 “

149 883 297 956 premium
312 884 411 948 indici,
426 884 549 958 pecunia
563 903 597 940 ex
613 885 721 950 aerario,
744 884 859 940 libertas
873 896 902 940 et
915 885 1024 957 civitas,
1039 887 1113 942 data.

149 957 202 1016 Ille
225 962 350 1035 primum
372 963 476 1018 dicitur
498 961 624 1021 vindictd
649 963 805 1018 liberatus:
838 963 953 1036 quidam
981 965 1116 1020 uindicta

148 1053 259 1112 quoque
274 1059 378 1096 nomen
393 1052 514 1096 tractum
529 1041 565 1094 ab
580 1040 627 1096 illo
639 1051 759 1114 putant3
793 1037 927 1095 Vindicio
942 1039 993 1113 ipsi
1009 1032 1113 1097 nomen

149 1113 244 1172 fuisse.
288 1118 354 1174 Post
376 1118 464 1184 illum,
489 1117 678 1189 observatum,
702 1129 743 1184 ut,
768 1117 816 1190 qui
831 1117 869 1174 ita
883 1117 993 1173 liberati
1008 1135 1113 1189 essent,

148 1191 178 1248 in
193 1194 337 1252 civitatem
352 1195 463 1270 accepti
478 1195 679 1256 viderentur..
726 1211 730 1223 “
1125 1207 1148 1246 1⁰

494 1317 507 1342 ,.
535 1319 550 1331 ,,
591 1315 599 1332 ,.

188 1351 240 1408 Vl.
265 1353 327 1422 His,
343 1352 417 1410 sicut
431 1363 495 1410 acta
509 1363 599 1418 erant,
615 1351 762 1417 nuntiatis,
788 1351 924 1408 incensus
938 1349 1114 1426 Tarquinius

148 1445 205 1486 non
220 1431 315 1492 dolore
330 1431 424 1488 solum
439 1442 524 1486 tantae
539 1431 705 1498 additium
727 1430 856 1486 cadentis
872 1431 941 1504 spei,
964 1431 1113 1486 sedetiam

147 1507 213 1565 odio
236 1510 340 1583 iraque,
369 1521 514 1584 postquam
543 1509 607 1564 dolo
628 1509 700 1564 viam
722 1507 867 1581 obseptam
900 1508 978 1572 vidit,
1008 1509 1113 1564 bellum

148 1589 245 1658 aperte
261 1588 434 1644 moliendum
449 1598 536 1652 ratus,
561 1585 714 1642 circumire
736 1585 855 1660 supplex
874 1585 995 1642 Etruriae
1010 1585 1112 1655 urbes;

147 1681 228 1721 orare
253 1666 375 1722 maxime
398 1665 535 1740 Veientes
556 1664 848 1738 Tarquiniensesque,
876 1667 895 1698 “
907 1683 944 1719 ne
965 1683 995 1719 se
1009 1676 1112 1730 ortum,
1125 1675 1148 1714 tu

147 1744 165 1774 “
177 1744 305 1819 ejusdem
320 1743 478 1818 sanguinis,
493 1754 643 1805 extorrem,
665 1751 798 1816 egentem
812 1761 847 1798 ex
861 1753 939 1797 tanto
954 1739 1036 1797 modi
1051 1759 1112 1816 reg-

147 1820 225 1889 “no,
253 1841 320 1878 cum
346 1822 443 1889 liberis
464 1821 692 1896 adolescentibus
714 1831 779 1876 ante
806 1819 905 1875 oculos
927 1839 992 1884 suos
1019 1821 1111 1892 perire

147 1900 311 1957 “sinerent
357 1887 611 1974 Aliospe‘i'egr'rein
636 1917 757 1972 regnum
781 1897 902 1952 Romam
925 1897 1051 1952 accitos:
1082 1916 1114 1951 se

148 1979 166 2012 “
178 1997 286 2052 regem,
301 1990 455 2054 augentem
471 1977 543 2034 bello
565 1977 731 2032 Romanum
756 1975 916 2048 imperium,
940 1993 957 2039 a
979 1974 1132 2052 proximis¹

148 2057 319 2114 “scelerati
333 2057 528 2132 conjuratione
551 2055 681 2129 pulsum:
715 2071 764 2109 eos
789 2053 861 2108 inter
883 2070 923 2116 se,
948 2052 1014 2129 quia
1028 2061 1148 2107 nemom

148 2138 167 2171 “
179 2155 253 2192 unus
268 2135 336 2192 satis
356 2135 461 2210 dignus
474 2151 562 2208 regno
584 2133 660 2188 visus
671 2132 730 2196 sit,
742 2141 835 2204 partes
859 2129 939 2204 regni
964 2125 1091 2202 rapuisse
1105 2149 1111 2198 ;
1183 2187 1186 2192 ,

147 2217 166 2250 “
179 2213 254 2270 bona
267 2233 319 2270 sua
333 2211 491 2287 diripienda
506 2211 609 2286 populo
620 2211 742 2272 dedisse,
758 2228 794 2264 ne
809 2208 872 2281 quis
885 2227 986 2282 expers
998 2207 1114 2263 scalcrls

148 2297 166 2328 “
179 2305 262 2349 esset.
287 2291 428 2348 ·Patriam
442 2310 474 2346 se
490 2307 664 2364 regnumque
678 2305 761 2342 suum
784 2297 922 2358 repetere,
940 2298 968 2340 et
983 2285 1112 2358 persequi

148 2371 306 2446 “ingratos
334 2369 411 2425 cives
442 2367 522 2424 velle.
572 2365 693 2421 Ferrent
713 2382 806 2437 opem,
829 2363 1012 2436 adjuvarent;
1048 2381 1113 2418 suas

149 2455 167 2488 “
179 2467 290 2524 qnoque
305 2459 413 2503 veteres
434 2445 551 2520 injurias
566 2444 654 2499 ultum
671 2443 758 2507 irent,
776 2441 858 2496 toties
873 2459 961 2496 caesas
975 2439 1149 2514 legionesa

149 2533 167 2566 “
180 2545 279 2603 agrum
295 2523 490 2600 ademptum.”
534 2523 605 2578 Haec
621 2529 768 2578 moverunt
788 2518 925 2593 Vejcntes
934 2538 941 2586 ;
970 2537 1004 2594 ao
1019 2537 1113 2592 prose

149 2607 277 2684 quisque,
296 2601 540 2660 Romano'saltem
555 2601 639 2664 duce,
663 2595 834 2673 ignominias
847 2597 1013 2661 demendas
1028 2595 1114 2652 bello·

150 2705 204 2763 que
227 2684 332 2752 amissa
356 2677 694 2756 repetenda‚·minaciter
716 2675 847 2732 fremunt.
890 2674 1115 2748 Tarquinienses

152 2782 255 2824 nomen
270 2780 305 2818 ac
319 2751 450 2834 cognatio
465 2755 576 2812 movet:
597 2754 746 2829 pulchrum
762 2753 916 2822 videbatur,
932 2772 997 2814 suos
1013 2753 1114 2808 Romae

150 2859 278 2918 regnare.
320 2838 435 2908 ltaduo
448 2837 567 2891 duarum
582 2833 739 2889 civitatium
764 2831 916 2896 exercitus,
936 2831 971 2886 ad
986 2839 1148 2904 repeton-³⁰

151 2923 218 2978 dum
233 2935 352 2993 regnum
368 2915 497 2988 belloque
518 2910 728 2987 persequendos
749 2910 906 2974 Romanos,
931 2909 1021 2964 secuti
1041 2908 1114 2964 'l'ar-

150 2999 288 3074 quininm.
331 2993 484 3066 Postquam
505 2991 533 3046 in
558 2994 658 3064 a'grum
677 2987 841 3044 Romanurn
856 2998 970 3044 rentum
992 2983 1044 3052 est,
1065 2987 1114 3041 ob-
1169 3013 1172 3020 ·

151 3079 225 3134 viam
241 3074 313 3131 hosti
335 3071 468 3128 consules
488 3077 586 3124 eunt·
608 3065 739 3122 Valerius
760 3065 896 3138 quadrato
910 3066 1023 3138 agmine
1039 3065 1115 3138 pedi·

151 3167 209 3212 tem
224 3153 320 3209 ducit:
350 3150 453 3206 Brutus
466 3147 501 3203 ad
516 3145 719 3220 explorandum
735 3162 800 3199 cum
813 3143 937 3216 equitatu
953 3144 1113 3198 antecessit.

152 3234 262 3290 Eodem
278 3229 361 3285 modo
374 3227 481 3301 primus
502 3223 734 3298 equesmosuum
760 3221 882 3296 agminis
907 3220 959 3276 luit
984 3219 1150 3294 (praestate

154 3317 251 3370 Aruns
275 3304 460 3379 Tarquinius,
482 3303 555 3358 lilius
575 3301 687 3377 regul:
718 3318 768 3355 rex
790 3300 848 3374 ipsc
869 3317 937 3354 cum
957 3298 1117 3374 legionibus

86 3393 90 3396 ’
150 3389 332 3464 sequebatur.
374 3383 480 3452 Aruns,
496 3381 543 3436 ubi
558 3399 593 3434 ex
607 3377 866 3453 lictoribus-procul
881 3377 1026 3432 consulem
1043 3395 1115 3444 esse,

151 3467 257 3525 deiude
269 3465 327 3540 jam
342 3461 507 3536 propiusue
522 3455 626 3514 certios
651 3455 723 3512 facie
748 3475 858 3529 quoque
873 3454 991 3510 Brutum
1011 3471 1116 3525 cogno-

5 3527 8 3592 l
78 3551 79 3554 ’
149 3547 202 3618 1νὴ,
230 3541 420 3601 inflammatus
442 3539 493 3600 aa,
515 3542 532 3570 “
544 3536 595 3592 llle
609 3545 652 3590 est
674 3534 742 3598 vir,''
773 3533 871 3605 inquit,
892 3531 969 3603 “qui
997 3548 1116 3586 nosex-

152 3631 172 3662 ‘⁸
184 3636 274 3682 torres
294 3619 402 3692 expulit
426 3615 525 3692 patrii.
575 3613 651 3686 lpse,
677 3631 724 3682 cn,
753 3611 808 3674 ille,
838 3609 939 3664 nostris
966 3608 1150 3664 decoratustt

152 3707 172 3739 “
185 3700 355 3777 insignibus,
371 3695 520 3770 magnifice
537 3691 652 3748 incedit.
696 3691 742 3744 Dii
758 3707 855 3762 regum
866 3688 978 3753 ultores,
989 3686 1115 3741 adeste.¹'

153 3780 288 3840 Concitet
301 3777 461 3834 calcar-ibus
474 3790 586 3848 equum,
603 3781 685 3842 atique
707 3769 735 3823 in
761 3767 852 3839 ipsum
876 3764 993 3855 infestus
1015 3782 1118 3820 consu-
