2632 4224
153 333 191 398 'n
272 291 275 298 Ι
547 339 617 390 'nri
634 341 719 396 mvn

150 491 225 542 trum
240 483 382 552 laudibus,
404 485 501 544 “Non
517 485 669 557 miseriis,”
691 488 739 557 uit,
760 489 839 544 “sed
852 487 983 560 licential,
1007 498 1119 548 tantum
1190 469 1200 480 ⁸

64 594 69 606 =
150 549 327 626 “concffiim
353 565 519 632 turbarurn;
562 578 591 620 et
612 563 742 622 lascivire
767 565 859 641 magis
883 568 1005 641 plebem,
1032 570 1119 641 quim

150 638 288 698 “sevire
332 641 365 698 Id
381 641 452 698 adeo
474 641 579 698 malurn
605 661 640 698 ex
662 645 860 717 provocatione
874 657 993 702 natum:
1015 647 1119 720 quippe

149 716 168 748 “
182 720 273 776 minas
287 739 350 776 esse
365 720 525 790 consulum,
541 739 597 776 non
612 721 783 795 imperium3
806 723 855 778 ubi
870 723 904 778 ad
921 743 981 794 eos,
997 724 1046 796 qui
1061 724 1120 780 unt

149 795 168 828 “
181 799 372 871 peccaverint,
387 816 539 873 provocare
554 797 647 854 liceat.
690 800 856 874 Agedum‚”
879 801 979 873 inquit,
1001 807 1019 835 “
1030 802 1119 858 dicta·
1139 815 1154 854 a

149 875 168 906 “
180 886 282 945 torem,
296 895 312 932 a
326 895 382 948 quo
396 875 557 949 provocatio
579 894 636 932 non
659 889 711 943 est,
727 897 867 934 creemus.
909 878 974 934 Jam
991 879 1049 945 hic,
1064 898 1120 952 quo

150 953 169 984 “
181 971 260 1008 nunc
274 954 370 1010 omnia
384 953 494 1024 ardent,
519 955 709 1011 contiscescet
723 955 808 1012 furor.
850 956 949 1012 Pulset
970 968 1029 1012 tum
1049 957 1119 1013 mihi

150 1031 168 1063 “
181 1031 321 1097 lictorem,
336 1031 383 1104 qui
398 1031 478 1100 sciet,
501 1031 548 1105 jus
562 1033 598 1087 de
613 1045 694 1107 tergo
716 1033 828 1106 vitiaque
850 1037 903 1090 suri
926 1053 1016 1108 penes
1031 1053 1120 1092 unum

150 1110 169 1142 “
181 1109 261 1164 illum
276 1127 348 1179 esse,
363 1110 446 1183 cujus
461 1110 637 1184 majestatem
652 1110 794 1167 violavit.'’

164 1305 167 1312 .
190 1266 290 1323 XXX.
313 1265 424 1334 Multis,
441 1278 556 1333 uteret,
578 1267 692 1324 horrida
712 1278 742 1324 et
762 1278 842 1325 atrox
862 1267 1010 1324 videbatur
1031 1267 1118 1343 Appii
1129 1281 1155 1322 ro

149 1347 313 1401 sententia:
335 1364 432 1400 rursus
445 1345 567 1419 Virginii
579 1347 723 1419 Lartiique
738 1347 869 1422 exemplo
883 1347 957 1402 haud
971 1347 1098 1404 salubres
1110 1367 1118 1415 3

150 1424 248 1496 ntique
264 1422 352 1479 Lartii
370 1421 520 1497 [putabant
544 1425 742 1501 sententiam],
767 1444 829 1498 quae
852 1437 938 1481 totam
961 1425 1046 1481 fidem
1069 1425 1120 1480 tol·

12 1487 81 1556 ‘''ss
106 1523 114 1557 r
149 1499 230 1556 leret.
274 1500 404 1558 Medium
432 1501 555 1556 maximi
577 1512 606 1557 et
627 1501 805 1558 moderatum
827 1503 946 1576 utroque
967 1503 1119 1559 consilium

150 1577 275 1652 Virginii
290 1578 456 1634 habebatur.
499 1579 557 1634 Sed
580 1579 715 1644 factione,
738 1593 928 1658 respectuque
950 1599 1043 1636 rerum
1065 1580 1120 1654 pri·

150 1669 277 1712 ratarum
293 1665 367 1729 tquoe
389 1674 501 1730 semper
514 1657 637 1712 offecere
660 1657 844 1732 officientque
862 1659 986 1733 publicis
1006 1659 1156 1714 consili-1⁵

150 1735 200 1812 is),
216 1735 328 1808 Appius
343 1734 410 1790 vicit
420 1753 427 1802 ;
449 1753 483 1789 ac
499 1735 584 1808 prope
600 1735 663 1806 suit,
684 1748 715 1792 ut
740 1737 861 1794 dictator
876 1737 922 1792 ille
943 1738 1020 1792 idem
1041 1755 1120 1793 crea·

150 1828 246 1870 retur:
268 1831 331 1886 quae
345 1831 391 1868 res
406 1813 502 1886 utique
511 1813 663 1870 alienasset
673 1813 785 1888 plebem
798 1815 1036 1888 periculosissimo
1050 1826 1120 1871 tem-

149 1909 227 1966 pore,
242 1909 330 1965 quum
349 1891 444 1948 Volsci
467 1891 610 1966 AEqnique
632 1905 664 1956 ¹et
681 1893 782 1950 Sabini
803 1893 875 1949 sorte
890 1894 947 1950 umi
967 1913 1068 1950 omnes
1089 1896 1119 1951 in

150 1971 237 2027 armis
251 1981 356 2026 essent.
398 1970 456 2026 Sed
472 1983 558 2038 cure,
572 1971 629 2042 fuit¹
645 1971 811 2045 consulibus
831 1982 861 2026 et
883 1972 1044 2054 penioribus
1070 1974 1121 2028 Pa·

150 2062 236 2122 trum,
251 2059 282 2105 ut
296 2049 456 2122 imperium,
474 2035 530 2104 'silo‘
553 2029 890 2184 v'olierliensamails'uet‘o
911 2051 1157 2124 permitteretne

148 2127 277 2204 ingenio.
333 2127 434 2184 Manio
500 2127 648 2186 Valerium
677 2128 706 2184 di
738 2139 855 2194 atonem,
891 2129 988 2184 Volesi
1019 2128 1119 2195 lilium,

149 2221 258 2263 creant.
302 2206 413 2274 Plebcs,
428 2206 481 2274 etsi
503 2207 638 2280 adversus
659 2226 690 2261 se
711 2218 839 2280 creatum
861 2207 1028 2262 dictatorem
1044 2207 1120 2263 vide·

151 2285 209 2355 bat,
226 2297 330 2350 tamen,
345 2303 432 2356 quum
457 2283 685 2356 provocationem
702 2277 794 2338 fratris
812 2283 876 2356 lege
898 2285 1026 2348 haberet,
1049 2285 1120 2341 nihil

151 2381 188 2418 ex
204 2364 238 2417 eri
254 2361 362 2416 familia
377 2362 455 2416 triste
471 2379 525 2415 nec
539 2361 692 2434 superbum
708 2360 834 2416 timebat.
857 2361 991 2416 Edictum
1004 2362 1119 2432 deinde,

150 2441 327 2496 adictatore
358 2438 543 2512 propositum,
574 2438 751 2494 confirmavit
772 2437 893 2504 animos,
925 2438 1037 2494 Servilii
1059 2439 1156 2496 sereffi

150 2517 279 2574 consulis
293 2517 389 2572 edicto
403 2517 595 2572 conveniens:
624 2517 674 2572 sed
699 2527 728 2572 et
749 2515 858 2572 homini
873 2527 902 2572 et
916 2517 1046 2592 potestati
1063 2535 1121 2573 rne-

149 2595 204 2654 liris
219 2596 270 2652 rati
285 2595 374 2660 credi,
389 2595 494 2651 omisso
508 2596 675 2665 certamine,
697 2594 814 2650 nomina
828 2595 941 2651 dedite.
982 2594 1121 2654 Quantus

150 2694 297 2750 nunquam
320 2673 387 2730 ante
409 2674 562 2740 exercitus
585 2673 712 2748 legiones
737 2672 838 2728 decem
860 2674 991 2729 effectae:
1031 2685 1119 2730 ternae

150 2755 217 2830 inde
232 2755 305 2810 datae
327 2753 502 2817 consulibus,
523 2763 643 2825 quatuor
664 2752 784 2808 dictator
806 2747 883 2812 usus
924 2751 991 2808 Nec
1011 2759 1121 2824 potarat

146 2833 206 2909 jam
222 2832 326 2888 bellum
342 2831 458 2888 differri.
500 2870 626 2887 .....
849 2830 852 2835 ’
1128 2834 1156 2874 ³⁰

380 2924 469 2976 [Battus
477 2925 646 2974 moramque,
660 2923 833 2973 Votumaosm'
878 2924 888 2976 J

155 2981 167 3014 l
189 2994 307 3052 XXXI.
351 3034 474 3051 .....
496 2992 650 3049 Trisariam
667 3012 697 3048 re
712 2993 786 3049 bello
810 2993 883 3049 lane
904 2991 995 3068 gesta,
1021 2991 1057 3049 de
1072 2992 1121 3049 do·

149 3074 333 3132 mesticarum
348 3091 441 3129 rerum
463 3085 567 3134 eventu
589 3091 644 3128 nec
665 3071 797 3128 Patribus
818 3091 873 3128 nec
895 3071 971 3146 plebi
986 3091 1054 3128 cura
1073 3072 1121 3126 de·

149 3163 293 3211 cesserat:
314 3154 394 3208 tantis
408 3171 494 3225 quum
510 3151 612 3226 gratia,
635 3163 693 3206 tum
717 3159 776 3206 arte
791 3161 1019 3224 praeparaverant
1033 3149 1121 3205 soene·

150 3243 267 3301 ratoreS,
281 3249 344 3304 quae
359 3249 416 3288 non
432 3229 515 3286 modo
529 3231 652 3305 plebem,
667 3229 716 3285 sed
733 3229 824 3303 ipsum
839 3231 925 3285 etiam
940 3228 1119 3294 dictatorem,

41 3333 45 3340 ·
121 3340 125 3351 ι
149 3311 362 3384 frustrarentur.
405 3309 537 3383 Namque
552 3309 694 3379 Valerius,
716 3319 778 3382 post
803 3307 912 3364 Vetusii
938 3308 1064 3363 consulis
1078 3321 1157 3363 νεὶ-35

150 3391 250 3458 ditum,
265 3389 394 3445 omnium
410 3389 553 3444 actionum
571 3388 598 3443 in
621 3400 723 3444 senatu
737 3388 857 3460 primam
875 3387 978 3442 habuit·
993 3387 1043 3458 p'ro
1065 3385 1121 3440 vic·
1164 3435 1170 3442 .

151 3481 210 3527 tore
224 3468 344 3543 populo:
366 3467 526 3539 retulitque,
541 3466 608 3538 quid
623 3466 705 3522 nexis
719 3465 779 3521 fieri
794 3466 939 3538 placeret:
960 3481 1024 3534 quae
1032 3473 1121 3534 quum

151 3550 259 3624 rejecta
283 3546 382 3603 relatio
405 3556 492 3611 esset,
523 3543 618 3600 “Non
641 3544 769 3618 placeo,”
798 3543 899 3615 inquit,
928 3540 1120 3595 “concordia

152 3634 299 3684 “anctor:
322 3623 540 3698 ‹rptabitis¹·(me
568 3621 642 3677 Dius
670 3622 767 3694 lidius)
796 3618 990 3694 propediem,
1012 3617 1121 3673 utmei

159 3703 445 3778 affinissmeomana
466 3703 563 3776 plebes
588 3711 720 3774 patronos
741 3698 853 3753 habeat.
904 3696 994 3756 Quod
1016 3697 1052 3754 ad
1075 3713 1120 3750 me
1131 3707 1157 3748 aa

158 3810 200 3872 m,
215 3797 410 3858 00n3u1egqpe
437 3780 590 3836 frustrabor
618 3776 692 3832 ultra
718 3775 798 3832 cives
828 3794 916 3848 meos,
946 3793 1038 3849 neque
1060 3775 1143 3851 ipse-
