2630 4228
536 364 639 414 LIBER
656 365 701 414 1x.
721 377 781 414 cae.
794 378 827 414 rr.
1100 369 1157 432 147

181 548 184 552 ,
202 503 307 562 “Deos
320 504 546 581 mitigandosque
560 505 689 562 homines
712 505 811 580 potuit,
832 503 916 579 qudm
937 505 1011 580 quod
1026 525 1076 564 nos
1091 509 1158 566 seci-

201 585 314 638 “musl
357 581 553 639 Res'bostium
570 583 597 638 in
620 584 712 655 prada
737 596 843 656 captas,
857 602 919 655 quas
934 584 998 640 belli
1016 585 1080 659 jure
1095 605 1158 642 nos·

201 663 279 714 “trae
296 660 471 728 videbantur,
486 661 662 716 remisimus:
684 673 814 716 auctores
830 661 904 730 belli,
927 663 993 734 quia
1010 663 1086 719 vivos
1100 683 1156 720 non

201 741 220 772 ‘²
229 738 381 809 potuimus,
402 738 564 812 perfunctos
581 737 639 810 jam
662 737 718 792 sato
738 738 918 792 dedidimus:
954 739 1026 794 bona
1049 759 1157 812 eorum,

178 819 266 877 6‘1ne
299 815 366 887 quid
400 834 436 870 ox
465 815 634 888 contagione
668 833 749 870 noxae
784 826 943 870 remaneret
975 835 1156 890 peucenos,

201 890 354 948 “Romam
380 893 559 966 portavimus.
612 891 694 950 Quid
723 890 796 947 ultra
827 892 888 961 tibi,
918 893 1059 958 Romane,
1090 893 1157 968 quid

201 973 219 1004 “
230 969 338 1038 soederi,
352 971 419 1042 quid
436 969 498 1024 Diis
512 969 623 1024 arbitris
638 969 751 1024 soederis
765 970 878 1032 debeol
919 969 1018 1029 Quem
1033 972 1083 1026 tibi
1098 983 1158 1028 tua·

201 1051 290 1100 “rum
306 1047 419 1116 irarum,
434 1066 517 1120 quem
539 1065 665 1102 meorum
685 1047 886 1120 suppliciorum
906 1047 1033 1121 judicem
1059 1048 1156 1115 seram,

201 1129 219 1158 “
229 1124 384 1195 neminem,
396 1143 489 1196 neque
505 1123 647 1198 populum,
672 1143 764 1197 neque
779 1125 926 1197 privatum,
942 1125 1027 1199 sugio.
1069 1126 1157 1186 0qu

169 1209 191 1247 ¹⁰
201 1205 219 1235 “
228 1201 251 1256 si
274 1201 343 1257 nibil
364 1221 430 1258 curn
451 1201 607 1276 potentiore
619 1201 690 1274 juris
707 1202 822 1256 humani
840 1202 1006 1275 relinquitur
1021 1204 1107 1278 inopi,
1129 1215 1158 1262 at

200 1284 282 1352 ‘lego
297 1280 332 1334 ad
349 1280 428 1335 Deos
440 1279 567 1334 vindices
581 1279 763 1334 intoleranda
775 1280 913 1352 superbie
927 1280 1088 1355 confugiam
1102 1302 1109 1350 ;
1130 1292 1159 1338 et

200 1357 372 1429 “precabor,
388 1368 419 1412 ut
433 1357 488 1412 iras
501 1375 567 1412 suas
580 1369 690 1412 vertant
704 1356 732 1410 in
754 1375 813 1426 eos,
838 1357 940 1429 quibus
954 1377 1010 1413 non
1025 1378 1083 1414 sure
1098 1361 1159 1415 red·

199 1435 292 1490 “ditae
307 1454 359 1504 res,
375 1453 431 1492 non
447 1435 546 1490 alienae
571 1433 757 1489 accumulatae
779 1434 846 1489 satis
862 1435 937 1502 sint;
970 1454 1087 1508 quorum
1109 1457 1159 1492 sae·

199 1512 322 1568 “vitiam
347 1531 403 1568 non
428 1531 503 1567 mors
530 1511 685 1579 noxiorum,
714 1530 770 1566 non
798 1511 905 1568 deditio
933 1513 1158 1570 exanimatorum

166 1596 188 1634 1⁵
199 1594 384 1662 “corporum
400 1609 456 1646 non
472 1589 546 1646 bona
567 1589 714 1662 sequentia
737 1589 843 1644 domini
865 1589 1038 1646 deditionem
1053 1593 1157 1662 exsati-

198 1673 285 1722 ιιειη.
328 1667 437 1723 Placari
452 1677 606 1740 nequeunt,
631 1666 685 1720 nisi
701 1666 888 1722 hauriendum
902 1669 1070 1742 sanguinein
1088 1669 1158 1725 lani·

199 1745 360 1818 “undaque
377 1745 485 1800 viscera
499 1755 593 1800 nostra
607 1743 816 1817 praebuerimus.
858 1743 876 1799 J
879 1757 971 1800 ustum
986 1759 1028 1802 est
1043 1747 1157 1814 bellum,

199 1831 217 1858 ‘⁶
229 1823 495 1896 Samnites‚quibus
509 1821 722 1888 necessarium3
754 1833 783 1876 et
797 1822 842 1894 pia
856 1841 943 1893 arma,
964 1824 1066 1896 quibus
1080 1825 1159 1880 nulla
1240 1819 1242 1824 ’
1309 1821 1310 1824 “

199 1899 281 1956 “uisi
296 1901 324 1956 in
338 1900 423 1956 arrnis
437 1899 604 1972 relinquitur
611 1899 685 1972 spes.
728 1899 858 1968 Proinde,
880 1916 967 1972 quum
991 1920 1084 1956 rerum
1108 1903 1159 1957 hu·

164 1983 218 2022 Μ
230 1997 376 2034 manarum
400 1977 557 2034 maximum
579 1987 752 2032 momentum
777 1975 822 2042 sit,
843 1995 926 2049 quarn
949 1978 1074 2052 propitiis
1089 1998 1158 2050 rem,

199 2060 311 2128 “quam
327 2055 451 2110 adversis
472 2064 559 2128 agant
572 2053 644 2119 Diis,
666 2073 716 2127 pro
736 2065 815 2110 certo
836 2054 946 2122 habete,
968 2055 1061 2128 priora
1085 2055 1158 2111 bella

200 2137 219 2167 ‘⁶
229 2133 363 2188 adversus
377 2131 454 2187 Deos
468 2131 568 2206 magis,
583 2129 667 2204 quam
683 2131 821 2199 homines,
836 2131 975 2205 gessisse3
1007 2133 1070 2198 hoc,
1082 2133 1157 2206 quod

156 2259 159 2262 .
201 2213 220 2244 “
230 2209 324 2278 instat,
339 2207 460 2264 ducibus
474 2209 541 2282 ipsis
555 2207 618 2264 Diis
631 2208 790 2282 gesturos.'’

240 2364 279 2420 ΙΙ.
302 2364 384 2430 Hac,
399 2380 460 2420 non
473 2363 535 2420 laeta
550 2364 640 2438 magis
653 2365 736 2438 quam
752 2383 827 2435 vera,
841 2365 1017 2435 vaticinatus,
1033 2367 1158 2424 exercitu

166 2443 312 2511 seducto,
337 2441 415 2498 circa
435 2441 577 2498 Caudium
599 2453 701 2506 castra,
729 2441 814 2516 quarn
842 2455 933 2516 potest
955 2444 1157 2512 occultissime,

201 2520 291 2575 locat:
313 2519 380 2575 inde
395 2520 430 2574 ad
445 2519 594 2584 Calatiam,
611 2519 657 2574 ubi
669 2519 726 2593 jam
742 2520 874 2575 consules
895 2521 1041 2578 Romanos
1055 2535 1159 2578 castra·

199 2615 254 2670 que
267 2616 330 2652 esse
352 2597 496 2662 audiebat,
521 2595 625 2652 milites
649 2595 748 2652 decern
772 2608 912 2670 pastorum
940 2599 1037 2653 habitu
1054 2599 1157 2666 mittit;

200 2693 359 2748 pecoraque
374 2675 508 2738 diversos,
523 2673 609 2729 alium
623 2673 699 2742 alibi,
721 2674 795 2728 baud
817 2675 914 2746 procul
938 2675 1077 2730 Romanis
1099 2695 1159 2748 pas-

200 2769 265 2808 cere
277 2751 357 2826 jubet
371 2751 524 2824 praesidiis:
553 2751 602 2806 ubi
627 2751 780 2806 inciderint
795 2752 822 2806 in
837 2752 1015 2824 praedatores
1031 2765 1061 2807 ut
1083 2751 1157 2808 idem

166 2837 192 2876 ³⁰
200 2829 331 2886 omnibus
342 2847 435 2884 sermo
447 2838 568 2899 constet,
584 2838 602 2864 “
611 2827 738 2902 legiones
747 2829 917 2884 Samnitium
929 2829 956 2884 in
969 2827 1074 2901 Apulia
1085 2848 1156 2894 esse,

202 2905 383 2962 “Luceriam
396 2905 528 2961 omnibus
537 2905 843 2978 copiisoircumsedere
856 2925 863 2960 t
878 2925 932 2961 nec
943 2906 1037 2978 procul
1048 2907 1156 2970 abesse,

202 2983 299 3056 “quin
315 2983 339 3038 vi
354 2983 498 3056 capiant.’'
540 2982 606 3038 Jam
629 2983 654 3038 is
675 2983 760 3038 etiam
774 3001 868 3038 rumor
883 2983 956 3051 ante,
971 2984 1007 3038 de
1022 2983 1158 3038 industrii

201 3061 339 3134 vulgatus,
354 3060 517 3115 venerated
543 3059 707 3126 Romanos3
742 3060 792 3116 sed
814 3059 898 3114 fidem
923 3061 1026 3116 auxere
1044 3060 1157 3133 captivi,

201 3135 235 3195 ed
259 3136 389 3204 aramme,
414 3137 488 3209 qudd
510 3155 602 3192 sermo
626 3137 698 3192 inter
725 3155 824 3192 ornnes
847 3137 1030 3210 congruebat.
1072 3138 1157 3194 Hand

167 3221 261 3270 ³⁵erat
275 3213 403 3283 dubium,
416 3213 484 3286 quin
499 3213 650 3270 Lucerinis
663 3232 744 3286 opem
760 3213 910 3269 Romanus
925 3213 1017 3285 ferret,
1032 3215 1113 3272 bonis
1125 3234 1159 3270 ac

201 3289 333 3346 fidelibus
346 3291 449 3358 sociis;
480 3291 564 3346 simul
579 3309 615 3346 ne
629 3290 735 3364 Apulia
757 3289 850 3345 omnis
873 3291 909 3348 ad
924 3304 1090 3364 presentem
1105 3306 1159 3348 ter·

201 3386 292 3424 rorem
307 3366 459 3423 deficeret:
480 3387 515 3424 ea
529 3366 622 3438 modo,
636 3370 688 3440 qus
704 3368 786 3430 irent,
802 3369 970 3425 consultatio
984 3368 1045 3426 suit.
1086 3368 1158 3428 Duae

203 3445 238 3500 ad
253 3444 403 3500 Luceriam
419 3445 547 3500 serebant
560 3445 629 3511 viae3
651 3445 738 3500 altera
751 3455 851 3518 praeter
865 3443 942 3502 oram
958 3447 1060 3520 Superi
1074 3447 1159 3503 maris

134 3523 138 3529 ’
202 3533 302 3596 patens
316 3533 477 3596 apertaque,
492 3521 551 3590 sed,
565 3521 670 3594 quantd
684 3521 778 3591 tutior,
800 3523 880 3580 tantd
895 3523 951 3578 sere
965 3522 1089 3598 longior;
1122 3524 1160 3579 al·

169 3607 263 3654 ⁴⁰tera
276 3619 325 3673 per
347 3599 487 3655 Furculas
508 3599 654 3656 Caudinas
678 3599 795 3654 brevior.
838 3601 895 3656 Sed
917 3601 956 3655 ita
977 3612 1060 3656 natus
1080 3601 1159 3655 locus

203 3687 263 3734 est:
284 3677 371 3732 saltus
385 3676 503 3734 duo-alti
517 3677 629 3750 angusti
655 3676 802 3748 silvosique
827 3688 903 3746 sunt,
928 3679 1069 3732 montibus
1083 3676 1160 3732 circa

202 3754 347 3829 perpetuis
361 3753 433 3810 iuter
444 3773 474 3810 se
485 3755 595 3830 juncti:
614 3753 689 3828 jacet
703 3754 776 3810 inter
790 3771 838 3808 eos
849 3755 1032 3828 satispatens‚
1048 3753 1160 3812 clausus
