2630 4228
156 361 212 423 lla
543 345 546 352 '
568 361 638 411 'nm
654 359 740 410 urvn

154 511 174 540 ‘⁸
183 501 291 560 simus:
313 519 379 576 nec,
394 519 442 558 ros
456 498 525 576 (nisi
540 501 569 558 iu
585 501 786 564 contumeliam
799 500 1041 578 ignominiamque
1055 519 1119 561 nos

156 589 175 618 ‘⁸
184 591 257 637 tram
270 592 379 638 certare
390 579 484 657 juvat)
499 581 574 654 quod
588 581 776 652 contendatis,
790 581 944 656 quidquam
955 590 1006 662 est.

192 736 229 793 V.
252 746 271 772 ‘⁶
283 737 426 810 Denique,
440 735 534 792 utrium
549 737 668 794 tandem
678 737 774 813 populi
786 735 923 808 Romani,
934 753 971 792 an
984 747 1116 807 vestrum,

153 823 325 871 “summum
350 815 500 888 imperium
527 817 593 871 estl
634 816 765 891 Regibus
785 815 903 886 exactis,
918 815 1017 884 utrdrn
1039 816 1117 871 vobis

152 892 348 964 “dominatio,
362 912 397 948 au
412 893 545 948 omuibus
569 911 649 967 taqua
673 893 789 950 libertus
802 904 881 968 parta
894 894 961 949 esti
997 892 1117 967 Oportet
1138 915 1152 955 ε

152 971 267 1027 “licere
282 971 385 1045 populo
400 971 541 1040 Romano,
556 971 579 1028 si
595 972 670 1038 velit,
682 972 782 1046 jubere
798 971 914 1046 legeml
935 989 982 1042 an,
998 984 1028 1027 ut
1041 989 1116 1044 quae-

151 1057 170 1085 ‘⁴
179 1067 234 1122 qua
250 1049 357 1123 rogatio
368 1051 546 1124 promulgata
560 1049 622 1118 erit,
637 1067 686 1106 vos
700 1049 841 1106 delectum
857 1069 907 1124 pro
922 1049 1006 1123 pienti
1018 1049 1116 1104 decer-

151 1135 170 1163 ⁸‘
183 1128 276 1183 netist
308 1137 346 1197 et,
361 1125 445 1182 simul
460 1145 514 1200 ego
528 1127 659 1183 tribunus
680 1145 781 1184 vocare
805 1128 898 1183 tribus
909 1127 937 1182 in
949 1127 1116 1202 suffragium

151 1215 169 1242 ‘⁶
179 1223 303 1278 crepero,
319 1218 348 1260 tu
364 1205 457 1260 statim
472 1205 571 1260 consul
584 1217 762 1271 sacramento
773 1205 901 1280 juniores
915 1204 1022 1278 adiges,
1043 1215 1072 1260 et
1086 1205 1115 1260 iu

179 1294 273 1337 castra
297 1283 428 1338 educesl
462 1293 492 1338 et
507 1283 660 1338 minaberis
680 1283 766 1358 plebi,
791 1282 946 1338 minaberis
974 1282 1089 1338 tribuno
1103 1283 1115 1336 l
1128 1304 1151 1344 ro

161 1359 269 1430 ‘Quid
285 1360 308 1415 si
324 1379 390 1428 nou,
405 1362 539 1434 quantdm
555 1360 615 1416 istae
630 1361 716 1416 minae¹
738 1361 873 1416 adversus
892 1358 983 1434 plebis
997 1377 1117 1416 consen·

150 1448 242 1494 “sum
257 1438 390 1506 valerent,
407 1438 449 1494 bis
468 1438 527 1512 jam
551 1439 659 1514 exprrti
680 1439 803 1494 essetisl
846 1437 972 1506 Scilicet,
987 1438 1053 1512 quia
1068 1455 1117 1494 no-

150 1525 169 1552 “
181 1516 224 1571 bis
238 1516 398 1572 consultum
415 1515 558 1584 volebatis,
583 1517 741 1572 certamine
764 1516 963 1572 abstinuistisl
999 1534 1035 1570 au
1052 1514 1118 1571 ideo

150 1603 169 1630 ‘⁶
179 1613 237 1649 nou
251 1605 294 1649 est
308 1593 485 1659 dimicatum,
500 1593 586 1668 qubd,
601 1613 663 1668 quae
679 1613 744 1669 pars
759 1593 873 1664 firmior,
888 1593 990 1649 eadem
1005 1592 1115 1649 inodes-

150 1671 232 1726 “tior
257 1671 332 1728 luitl
375 1671 439 1727 Nec
463 1686 541 1728 nunc
562 1673 616 1728 crit
642 1684 798 1742 certamen,
819 1671 970 1742 Quirites:
1005 1669 1150 1732 animosis

150 1757 169 1786 “
180 1760 284 1804 vestros
298 1749 337 1805 illi
352 1749 503 1806 tentabunt
526 1769 645 1826 semper,
667 1750 739 1806 vires
754 1769 809 1807 non
825 1750 1017 1824 experientur.
1061 1747 1116 1804 lta-

151 1837 169 1864 “
179 1846 234 1900 que
249 1827 284 1882 ad
301 1828 375 1883 bella
388 1827 450 1896 ista,
465 1846 515 1883 seu
531 1827 601 1884 salsa
615 1847 666 1884 seu
688 1847 754 1884 vera
769 1841 846 1897 sunt,
861 1829 1004 1898 consules,
1019 1838 1116 1901 parata

151 1915 170 1944 ‘⁴
180 1905 260 1961 robis
272 1905 371 1980 plebes
384 1916 435 1975 est,
451 1905 484 1971 si,
500 1906 653 1962 connubiis
673 1907 800 1974 redditis,
823 1923 908 1962 unam
930 1907 1004 1961 hanc
1019 1905 1116 1960 cirita·

150 1994 236 2040 “tem
258 1984 373 2040 tandem
396 1983 510 2051 facitis3
552 1984 576 2039 si
600 1984 771 2052 coalescere,
795 1984 818 2040 si
842 1983 924 2058 jungi
946 1983 1115 2056 miscerique

150 2071 169 2099 ⁴⁶
181 2061 259 2118 robis
272 2062 388 2136 privatis
402 2061 663 2118 necessitudinibus
682 2071 798 2136 possunt
810 2080 817 2129 ;
850 2061 873 2116 si
888 2079 962 2135 spes,
984 2061 1008 2116 si
1022 2061 1115 2115 aditus
1124 2081 1151 2121 su
1190 2079 1193 2084 ·

150 2149 169 2177 ‘⁶
179 2141 215 2195 ad
231 2141 351 2196 honores
364 2139 430 2196 viris
444 2139 566 2196 strenuis
580 2150 608 2196 et
622 2139 741 2196 sortibus
755 2139 836 2195 datur
849 2157 857 2206 3
879 2139 902 2194 si
918 2139 946 2195 in
962 2138 1113 2204 consortie,

149 2218 245 2274 “siin
270 2219 406 2274 societate
431 2217 596 2290 reipublice
620 2235 692 2288 esse,
717 2218 751 2288 si,
772 2217 847 2292 quod
869 2233 956 2290 aequae
977 2215 1115 2272 libertatis

150 2306 168 2332 ‘⁴
178 2307 228 2364 est,
245 2295 367 2351 invicem
382 2294 485 2350 annuis
500 2295 712 2369 magistratibus
735 2313 834 2369 parere
855 2305 939 2367 atique
954 2295 1114 2368 imperitare

150 2373 254 2428 “licet.
297 2373 328 2428 Si
350 2373 412 2427 haec
426 2369 569 2446 'impediet
583 2372 694 2446 aliquia,
717 2371 787 2429 ferte
801 2373 986 2438 sermonibus,
1002 2383 1030 2428 ut
1045 2371 1115 2426 mul·

150 2450 303 2524 “tiplicute
318 2449 394 2505 sama
409 2449 497 2518 bella3
529 2469 615 2506 nemo
635 2461 678 2506 est
700 2469 804 2507 numen
827 2451 952 2516 daturus,
974 2467 1150 2510 uerno-areas

150 2539 225 2584 “ma
252 2539 402 2602 capturus,
425 2545 509 2583 nemo
535 2527 724 2584 dimicaturus
750 2547 800 2602 pro
831 2527 960 2602 superbis
981 2526 1113 2596 dominis,

150 2616 244 2662 “curn
269 2606 372 2680 quibus
393 2624 447 2671 nec
472 2604 500 2661 in
522 2625 552 2662 re
574 2605 687 2682 publici
709 2607 858 2676 honorum,
880 2624 935 2661 nec
957 2605 986 2661 in
1007 2603 1114 2679 privati

147 2685 315 2743 “connubii
329 2684 451 2740 societas
464 2683 537 2741 est.”
899 2679 901 2684 ’

188 2844 241 2900 VI.
262 2843 364 2904 Quum
378 2843 408 2900 in
423 2844 593 2901 concionem
609 2853 637 2900 et
651 2843 783 2900 consuler
797 2841 1011 2918 processissent,
1026 2849 1055 2896 et
1069 2857 1113 2894 res
1123 2859 1149 2903 aa

150 2923 325 2998 aperpetuis
348 2923 523 2978 orationibus
537 2923 566 2978 in
582 2922 796 2978 altercationem
817 2919 961 2987 vertisset;
998 2919 1114 2974 interro·

148 3004 227 3078 genti
243 3002 365 3070 tribuno,
382 3010 399 3035 ‘⁸
409 3019 461 3056 cur
475 2999 618 3075 plebejum
629 3000 777 3055 consulem
789 2999 850 3054 lieri
859 2993 916 3054 nou
927 3007 1068 3070 oporteret
1077 2996 1113 3049 l'’

149 3093 181 3136 ut
202 3078 415 3148 fortasse‘vere,
431 3078 473 3134 sic
494 3097 592 3152 parum
610 3077 714 3133 utiliter
729 3077 758 3133 in
772 3094 898 3150 praesens
912 3087 1057 3130 certarnen
1072 3091 1116 3128 re·

149 3159 271 3232 spondit,
288 3166 307 3191 ‘⁴
319 3155 393 3228 qudd
405 3175 489 3213 nemo
503 3155 630 3231 plebejus
645 3155 915 3228 suspiciebaberet;
938 3153 1056 3225 ideoque
1068 3151 1117 3206 de-
1161 3155 1162 3160 ’

151 3247 170 3273 “
180 3237 319 3292 cemvircs
341 3235 516 3290 'connubium
542 3233 700 3304 diremisse,
716 3252 752 3288 ne
766 3232 875 3289 incerti
890 3231 973 3306 prole
989 3228 1117 3303 auspicia

151 3312 389 3370 “turbarentur”
430 3312 533 3368 Plebes
547 3313 582 3368 ad
598 3313 626 3368 id
646 3312 767 3370 maxime
790 3309 988 3385 indignatione
1002 3307 1151 3376 exaratae,

150 3391 226 3466 quiid
241 3391 392 3464 auspicari,
407 3401 550 3464 tamquam
566 3391 647 3446 invisi
671 3390 733 3446 Diis
747 3387 963 3457 immortalibus,
978 3405 1117 3461 negaren-

151 3481 196 3527 tur
211 3489 311 3544 posse:
346 3487 401 3524 nec
415 3469 480 3524 antri
493 3468 558 3524 finis
578 3469 794 3526 contentionum
820 3466 873 3522 luit
901 3466 1001 3540 (quum
1025 3477 1054 3520 ct
1070 3463 1119 3520 tri·

136 3549 261 3615 ,bunum
276 3547 445 3604 acerrimum
461 3558 606 3603 auctorem
621 3547 719 3621 plebes
733 3557 818 3603 nacta
832 3555 917 3612 esset,
932 3555 961 3600 et
976 3545 1036 3618 ipsa
1050 3560 1117 3598 curn

152 3647 187 3686 ec
212 3627 367 3702 pertinacia
394 3628 540 3703 certaret),
563 3624 646 3699 quim
670 3627 736 3682 victi
759 3623 874 3680 tandem
900 3623 1008 3691 Patrae,
1031 3632 1061 3676 ut
1081 3620 1119 3675 dc

153 3705 297 3762 connubio
321 3703 448 3773 ferretur,
470 3705 658 3760 consensere:
688 3705 725 3760 ita
750 3701 874 3758 maxime
894 3701 946 3757 rati
961 3697 1152 3762 contentio-ru

153 3802 219 3840 nem
234 3785 269 3840 de
284 3783 403 3858 plcbajis
423 3783 589 3839 consulibus
610 3781 739 3838 tribunos
760 3791 809 3836 aut
829 3789 915 3835 toturn
931 3777 1118 3852 deposituros,
