2630 4228
520 347 829 425 transituram.
1133 356 1175 418 67

205 489 331 547 “reot:
352 494 490 568 graviora,
518 514 581 570 quar
609 496 762 572 patiantur,
793 495 918 554 videri'
907 514 967 580 Jam
998 495 1173 570 hominibus,

205 569 605 657 “quimquaemetuantffi
776 607 803 657 κ,
1083 605 1093 642 ι
1129 636 1134 644 ,

246 719 304 782 XL
344 727 416 786 Haec
431 694 604 788 vociferante
620 731 749 798 Horatio,
770 715 856 806 quum
854 693 1026 788 decemviri
1048 749 1103 788 nee
1124 727 1173 789 ire

205 821 262 860 nec
277 805 444 886 ignoscendi
467 810 582 866 modum
598 811 765 898 reperirent,
781 828 835 865 nee
839 828 916 883 ,qno
930 827 1049 865 evasura
1070 829 1115 866 res
1129 827 1174 867 ea·

183 893 258 948 sset,
286 899 455 955 cernereut3
490 887 524 943 C
547 888 672 952 Claudii,
694 889 741 962 qui
764 900 880 962 patruus
910 887 994 962 Appii
1016 888 1173 945 decemviri

204 974 273 1028 erat,
288 964 379 1021 oratio
401 929 455 1022 tuti
477 966 617 1040 precibus
633 985 717 1040 quam
737 966 842 1042 jurgio,
864 965 974 1031 similis,
996 966 1102 1022 orantis
1124 985 1173 1054 per

204 1056 248 1094 sur
262 1041 354 1098 iratrrs
369 1057 549 1117 parentisque
563 1063 625 1120 eJus
640 1063 757 1113 manes,
789 1043 855 1100 “Ut
869 1032 967 1099 civilis
976 1043 1069 1118 ponus
1083 1063 1174 1100 socie
1189 1078 1195 1088 ι
1251 1059 1255 1069 ’

204 1119 338 1173 “tatis.¹
332 1139 360 1175 ιιι
385 1125 539 1195 quarratus
560 1133 645 1187 esset,
666 1122 752 1196 qudm
769 1122 883 1178 dederis
905 1121 1042 1178 nefarie
1034 1121 1083 1178 icti
1106 1140 1173 1179 cum

204 1196 359 1272 “collegis
392 1201 588 1256 meminisset
624 1199 712 1256 multu
743 1201 770 1256 id
804 1201 894 1274 magis
925 1219 955 1255 se
988 1199 1062 1256 iilius
1084 1201 1174 1258 causa

170 1277 322 1344 10“orare,
344 1278 429 1350 quam
451 1279 624 1352 reipubtieae.
666 1278 784 1353 Quippe
805 1251 1022 1352 rempublicam,
1044 1279 1066 1334 si
1090 1297 1107 1334 a
1128 1297 1174 1336 vo-

204 1353 356 1410 “ientibus
384 1372 518 1430 nequeat,
549 1359 585 1413 ab
606 1357 701 1413 inritis
726 1357 773 1432 jus
802 1358 1000 1430 expetiturum.
1058 1357 1115 1412 Sed
1137 1375 1174 1412 ex

204 1435 337 1506 “magno
357 1436 514 1492 certamine
546 1455 666 1540 mpgnas
696 1436 814 1492 excitari
845 1433 934 1490 serme
965 1435 1039 1501 iras3
1074 1453 1177 1506 earum

204 1514 366 1568 “eventum
388 1531 418 1569 se
441 1515 583 1570 horrereff'
624 1515 727 1575 Quum
748 1514 836 1584 aliud,
851 1524 1036 1587 preterquam
1058 1512 1094 1568 de
1116 1531 1173 1588 quo

204 1589 377 1657 retulissent,
402 1592 556 1650 decemviri
579 1593 675 1649 dicere
696 1593 889 1667 prohiberent,
913 1589 1065 1646 Claudium
1089 1590 1175 1648 iuter-

171 1667 328 1741 spatiandi
344 1671 517 1727 verecundia
531 1671 590 1728 suit.
634 1670 835 1728 Sententiam
829 1671 914 1745 igitur
928 1665 1046 1758 peregit,
1062 1668 1173 1726 ιιιιΙΙιιιιι

203 1745 317 1820 placere
331 1750 619 1806 seneffia-consultum
634 1749 704 1806 fieri.
746 1749 935 1821 Omnesque'
929 1759 966 1802 ita
981 1746 1173 1820 accipiebant,

204 1823 326 1898 privatos
339 1845 389 1882 eos
403 1846 420 1882 a
434 1827 558 1884 Claudio
569 1828 731 1904 judicatos;
764 1827 923 1915 multique
926 1844 961 1880 ex
975 1824 1174 1900 consularibus

204 1902 307 1958 verbo
314 1905 422 1962 assensi
444 1918 519 1964 sunt.
570 1906 636 1962 Alia
659 1905 811 1970 sententia,
833 1903 957 1992 asperior
982 1903 1011 1958 in
1036 1903 1197 1976 speciem·

205 1979 262 2036 vim
278 1983 415 2039 minorem
441 1982 585 2088 aliquantp
608 1984 797 2098 habuitpqup
809 1982 955 2101 patrieips
963 1981 1040 2038 coire
1056 1981 1090 2039 ad
1113 1999 1175 2054 pro-

170 2058 354 2124 ιοιίειιιίιιιιιΙ
348 2072 526 2140 interregem
537 2063 675 2141 jubebat
710 2065 755 2125 aa:
782 2055 957 2131 qurum
978 2065 1174 2143 q¹¹0⁵0⁰mq110

206 2141 387 2212 magistratus
407 2161 480 2208 esse,
512 2145 560 2218 qui
582 2157 712 2201 senatum
724 2102 883 2216 haberent,
901 2145 1069 2220 judicabat3
1104 2129 1175 2222 quos

205 2217 330 2289 privatos
359 2219 464 2276 secerat
492 2237 592 2278 auctor
622 2223 728 2280 nullius
756 2223 1006 2279 senatusconsulti
1039 2223 1173 2283 faciendi.

208 2292 251 2350 ita
266 2296 400 2352 labante
390 2318 448 2372 Jam
463 2300 551 2356 causa
571 2299 808 2373 decemvirorum,
828 2298 860 2357 L.
876 2301 1028 2358 Cornelius
1052 2301 1175 2380 Malugi-

205 2375 311 2443 nensis,
328 2375 368 2431 M.
384 2377 510 2434 Cornelii
526 2379 678 2435 deeerrrviri
705 2380 799 2446 frater,
814 2399 901 2453 quum
916 2399 951 2436 err
975 2381 1174 2440 consularibus

171 2450 241 2516 had
258 2453 386 2510 ultimum
402 2455 518 2512 dicendi
533 2457 626 2513 locum
642 2457 773 2514 consulto
794 2470 921 2514 servatus
935 2470 1020 2530 esset,
1035 2460 1172 2517 sirnuian·

205 2527 242 2584 do
256 2551 354 2588 curam
372 2533 446 2599 belii,
463 2533 576 2590 fratrem
592 2535 841 2611 collegasqueejus
852 2535 1003 2594 tuebatur:
996 2543 1036 2572 ·“
1049 2533 1173 2610 quonam

199 2609 291 2666 '“fato
306 2613 462 2680 incidisset,
489 2614 582 2670 mirari
598 2615 659 2682 se,'’
684 2615 828 2680 dictitans,
850 2621 868 2648 “
880 2628 910 2670 ut
924 2615 1109 2678 decemviros,
1124 2616 1173 2689 qui

205 2688 614 2764 “decemviratumpetissent,
625 2705 673 2749 aut
684 2691 781 2771 [socii]
793 2693 879 2748 anthi
890 2691 1015 2747 maxime
1027 2711 1174 2780 oppugna·

205 2765 224 2798 “
234 2778 313 2824 rent:
335 2780 383 2824 aut
397 2769 486 2842 quid
481 2781 527 2836 ita,
542 2789 627 2844 quum
644 2789 693 2846 per
708 2782 747 2828 tot
757 2787 877 2838 menses¹
889 2787 979 2825 vacua
990 2769 1113 2838 civitate,
1123 2789 1173 2826 ne-
1246 2817 1252 2834 .

170 2845 223 2906 m“
235 2865 289 2901 mo
285 2845 822 2922 justinemagistratussummaererum
835 2858 1002 2923 preessent,
1014 2860 1174 2904 controver-

170 2867 306 2980 ³⁰“siam
322 2925 438 2993 secerit3
461 2945 539 2982 nunc
554 2927 680 2998 demum,
704 2943 799 3016 quum
817 2928 912 2983 hostes
927 2945 1011 3000 prope
1002 2925 1062 2981 ad
1078 2938 1173 3018 portas

207 3006 225 3035 ‘⁶
235 3002 302 3072 sint,
316 3003 414 3076 civiles
427 2967 584 3061 discordias
598 3018 711 3061 serant:
747 3005 801 3061 nisi
794 3003 914 3079 qudd
907 3021 935 3059 ιιι
951 3002 1064 3060 turbido
1079 3003 1173 3061 minda

206 3083 225 3113 “
235 3099 415 3155 perspicuum
432 3082 490 3138 fore
510 3095 619 3157 putent,
634 3084 701 3172 quid
717 3095 856 3160 agatur.
868 3082 1011 3139 Caeterdm
1026 3083 1173 3140 neminem

1173 605 1263 659 'rl''

205 3159 339 3234 ‘majore
361 3179 431 3216 cura
445 3161 593 3236 occupatis
614 3161 726 3226 animis,
759 3175 855 3216 verum
877 3176 950 3231 esse,
973 3159 1173 3236 praejudicium
1214 3155 1217 3164 ’

169 3236 273 3298 astrei
295 3250 380 3295 rante
402 3239 511 3295 afferre.
568 3239 628 3296 Sibi
651 3239 772 3312 placere,
802 3239 837 3294 de
859 3257 903 3310 eo,
931 3239 1006 3312 quod
1040 3239 1173 3296 Valerius
1237 3297 1239 3302 ,

204 3317 224 3349 “
234 3315 424 3390 Horatiusque
439 3329 504 3372 ante
521 3316 590 3372 Idus
605 3316 696 3391 Majas
711 3317 886 3374 decemviros
898 3315 990 3374 abasse
1006 3317 1177 3392 magistratu
1208 3351 1212 3366 ι

204 3393 406 3464 “insimulent,
422 3395 513 3466 bellis,
534 3414 596 3468 quae
619 3395 796 3459 immineant,
811 3395 953 3470 perfectis,
975 3394 1122 3470 republica
1143 3394 1172 3457 in

204 3474 416 3548 “tranquillum
432 3473 557 3544 redacta,
572 3486 672 3530 senatu
688 3473 873 3548 disceptante,
889 3473 954 3549 agi:
982 3473 1081 3548 etjam
1093 3491 1177 3536 nunc-

203 3554 223 3586 “
233 3552 271 3610 ita
285 3571 315 3607 se
328 3571 426 3626 parare
449 3553 504 3626 Ap.
520 3551 684 3618 Claudium,
707 3563 738 3608 ut
760 3553 949 3616 comitiorum,
972 3557 1041 3625 que!
1057 3553 1172 3620 decem·

94 3697 96 3702 ¹
171 3631 224 3688 io“
236 3631 301 3686 viris
315 3631 448 3686 creandis
461 3631 606 3687 decemvir
621 3632 680 3705 ipse
702 3631 841 3695 habuerit,
864 3630 935 3686 sciat
956 3631 1009 3686 sibi
1032 3629 1171 3686 rationem

204 3709 409 3765 “reddendam
431 3728 502 3776 esse,
528 3713 619 3766 utrdm
642 3711 670 3767 io
693 3728 781 3765 unum
805 3727 911 3764 annum
933 3707 1021 3764 creati
1043 3707 1109 3774 sint,
1135 3723 1172 3762 an

204 3789 325 3846 “donec
347 3787 436 3863 leges,
456 3807 519 3862 quae
546 3788 688 3857 deessent,
710 3787 910 3862 perferrentur.
965 3785 999 3840 ln
1021 3783 1172 3857 praesentia
