2632 4224
124 245 145 304 8
517 247 686 301 rtrtarvtt
756 304 761 314 f

124 395 233 461 poterat
254 384 360 454 amnis;
382 395 419 458 et,
441 406 522 462 posse
543 388 670 462 quamvis
691 387 830 464 languida
850 389 940 466 mergi
954 388 1028 464 aqud
1041 389 1084 446 in·
1103 457 1106 464 Ι

125 464 226 535 santes,
241 481 320 537 spem
334 463 490 521 serentibus
503 467 604 522 dabat:
626 466 676 533 ita,
692 466 768 527 velut
786 465 914 523 defuncti
935 468 1010 542 regis
1032 467 1084 524 im·
1154 505 1162 530 ,

124 541 212 616 perio,
236 541 265 597 in
292 541 421 615 proximis
446 543 557 610 alluvie,
583 544 632 600 ubi
656 563 735 602 nunc
756 544 828 612 ficus
849 544 1014 601 Ruminalis
1040 556 1084 602 est

127 619 326 691 (Romularem
338 631 465 677 vocatam
477 620 596 697 ferunt),
606 641 708 696 pueros
720 619 874 696 exponunt.
917 623 1011 678 Vastae
1022 636 1082 678 tum

126 697 155 754 in
169 697 204 752 iis
217 696 288 753 locis
302 697 468 754 solitudines
482 709 572 755 erant.
613 699 708 756 Tenet
723 699 808 771 sama,
822 718 909 773 quum
924 699 1104 758 fluitantems

124 775 246 840 alveum,
261 793 316 848 quo
330 774 449 849 expositi
473 787 554 832 erant
571 777 660 852 pueri,
675 777 769 833 tenuis
791 777 820 832 in
843 777 921 834 sicco
942 796 1014 851 aqua
1035 779 1084 834 de·

125 851 271 918 stituisset,
285 851 381 926 lupam
395 853 548 920 sitientem,
563 873 597 910 ex
620 855 763 911 montibus
787 854 835 928 qui
857 851 936 925 circe,
956 867 1031 921 sunt,
1047 857 1083 911 sd

124 930 262 1004 puerilem
277 929 401 1004 vagitum
417 950 533 988 cursum
545 931 673 990 flexisse:
688 951 751 988 earn
762 932 916 988 submissas
927 932 1083 990 infantibus

124 1005 199 1076 aded
211 1007 307 1070 mitem
322 1008 476 1082 praebuisse
489 1027 634 1080 mammas,
644 1020 675 1066 ut
689 1010 787 1084 linguis
798 1010 968 1066 lambentem
981 1029 1083 1084 pueros

88 1118 98 1133 ι
125 1085 259 1160 magister
280 1085 353 1160 regii
376 1087 487 1160 pecoris
510 1088 657 1144 invenerit.
706 1087 842 1144 Faustulo
867 1086 953 1143 luisse
977 1107 1080 1144 nomen
1094 1101 1116 1138 1⁰

60 1213 63 1218 Δ
125 1162 237 1219 serunt:
259 1163 295 1218 ab
309 1182 343 1218 eo
362 1164 396 1218 ad
418 1165 529 1220 stabula
550 1164 692 1221 Larentiae
715 1165 794 1220 uxori
814 1165 980 1234 educandos
1002 1165 1081 1221 latos.

126 1241 210 1312 Sunt,
225 1241 273 1314 qui
288 1240 461 1308 Larentiam,
477 1242 589 1316 vulgato
610 1261 736 1316 corpore,
750 1242 844 1316 lupam
867 1243 939 1298 inter
958 1253 1083 1316 pastores

125 1330 256 1374 vocatam
280 1328 397 1392 putent:
429 1319 496 1376 inde
517 1319 613 1376 locum
635 1320 736 1376 fabular
761 1338 795 1375 ac
816 1319 953 1376 miraculo
974 1320 1080 1376 datum.

125 1395 170 1453 Ita
185 1395 285 1471 geniti,
300 1395 393 1470 itaque
407 1397 531 1468 educati,
545 1417 632 1470 quum
646 1396 765 1472 primitm
789 1397 909 1453 adolevit
931 1408 1008 1463 atas,
1028 1415 1083 1454 nec

125 1474 154 1530 in
179 1474 296 1530 stabulis
310 1492 365 1530 neo
388 1475 423 1530 ad
447 1493 551 1548 pecora
564 1493 675 1549 segnes,
690 1475 819 1530 venando
834 1493 983 1549 peragrare
1004 1473 1082 1531 circis
1094 1485 1115 1524 1⁵

125 1553 221 1608 saltus·
274 1551 363 1618 Hinc,
388 1533 487 1608 robore
511 1553 675 1626 corporibus
699 1551 855 1626 animisque
880 1564 1001 1626 sumpto,
1024 1552 1082 1628 jam

125 1647 183 1686 nort
198 1629 271 1684 feras
285 1629 392 1703 tantdm
407 1630 568 1697 subsistere,
583 1631 632 1686 sed
647 1631 676 1686 in
694 1629 827 1696 latrones,
840 1630 936 1704 praedd
956 1641 1081 1696 onustos,

125 1707 249 1781 impetus
272 1707 373 1776 lacere,
395 1707 608 1781 pastoribusque
631 1718 711 1782 rapta
733 1707 876 1775 dividere;
895 1719 924 1764 et
947 1726 1013 1762 cum
1028 1708 1081 1774 his,

125 1795 273 1842 crescente
287 1785 317 1840 in
331 1784 392 1840 dies
405 1803 491 1860 grege
509 1786 655 1861 juvenum,
670 1785 744 1842 seria
757 1805 790 1841 ae
808 1785 889 1860 jocos
902 1785 1054 1842 celebrare.

163 1941 200 1997 V.
221 1940 287 1997 thm
300 1951 360 1998 tum
375 1941 404 1997 in
418 1941 547 1999 Palatino
560 1953 656 1999 monte
670 1941 809 2017 Lupercal
832 1941 885 1997 boc
906 1940 993 1998 suisse
1011 1939 1116 1997 ludi-2⁰

123 2037 204 2074 crum
219 2019 323 2086 ferunt,
337 2029 366 2076 et
379 2039 396 2075 a
409 2019 562 2087 Pallanteo,
576 2018 645 2076 urbe
659 2020 809 2090 Arcadica,
825 2019 1001 2084 Pallantium',
1015 2019 1081 2076 dein

124 2097 274 2169 Palatium,
295 2108 421 2154 montem
445 2099 623 2172 appellatum.
666 2098 710 2154 lbi
734 2097 906 2166 Evandrum,
921 2096 968 2170 qui
989 2115 1025 2152 ex
1048 2115 1082 2153 eo

123 2193 229 2248 genere
251 2177 398 2232 Arcadum
422 2177 518 2232 multis
540 2177 604 2232 ante
626 2176 841 2251 tempestatibus
861 2184 989 2231 tenuerat
1008 2174 1081 2240 loca,

124 2253 241 2309 solenne
256 2254 371 2310 allatum
384 2273 421 2310 ex
435 2254 561 2310 Arcadiis
575 2254 740 2324 instituisse,
753 2265 782 2309 ut
796 2253 865 2308 nudi
883 2253 1012 2328 juvence,
1027 2251 1082 2326 Ly·

124 2349 206 2386 ceum
223 2331 300 2388 l’ana
314 2343 490 2402 venerantes,
502 2350 551 2406 per
562 2331 655 2387 lusum
667 2342 749 2404 atque
761 2329 906 2386 lasciviam
917 2341 1064 2386 currerent
1073 2350 1080 2398 ;
1090 2333 1115 2371 ⁵³⁵

123 2427 208 2482 quem
219 2408 346 2464 Romani
357 2409 461 2465 deinde
471 2409 609 2466 vocarunt
620 2409 734 2465 Inuum.
762 2409 840 2464 Huic
849 2407 952 2464 deditis
961 2407 1080 2472 ludicro,

123 2505 209 2558 quum
224 2485 340 2542 solenne
354 2497 452 2544 notum
466 2497 550 2560 esset,
565 2487 711 2544 insidiatos
724 2487 761 2544 ob
774 2486 845 2542 iram
858 2486 960 2560 praedae
971 2485 1081 2541 amissae
1163 2523 1165 2527 -

124 2564 256 2634 latronse,
273 2583 360 2638 quum
374 2565 517 2621 Romulus
531 2566 557 2621 vi
571 2584 601 2620 se
615 2565 799 2631 defendisset,
814 2563 940 2620 Remum
954 2563 1080 2637 cepisse3

124 2652 237 2714 captum
259 2643 318 2716 regi
339 2643 456 2700 Amulio
476 2643 635 2710 tradidisse,
650 2643 723 2700 ultro
742 2651 918 2698 accusantes.
961 2641 1081 2697 Crimini

124 2717 245 2774 maxime
260 2720 375 2791 dabant,
389 2721 419 2776 in
433 2720 592 2778 Numitoris
606 2739 687 2796 agros
699 2721 733 2776 ab
746 2721 789 2776 his
801 2719 1026 2794 impetum‘fieri;
1041 2719 1082 2774 in·
1091 2721 1115 2761 ³⁰

123 2797 159 2853 de
173 2816 232 2863 eos,
247 2797 367 2854 collecta
385 2799 522 2872 juvenum
545 2817 639 2865 manu,
655 2792 784 2855 hostilem
800 2798 827 2854 in
843 2798 958 2854 modum
973 2797 1082 2870 praedas

124 2893 208 2947 agere
219 2893 225 2930 :
240 2874 281 2930 sic
293 2874 437 2932 Numitori
447 2876 482 2931 ad
491 2877 659 2950 supplicium
670 2877 781 2932 Remus
792 2875 930 2932 deditur...
941 2875 958 2930 J
960 2893 1004 2930 am
1014 2875 1081 2930 inde

38 3007 39 3010 ,
124 2953 159 3008 ab
173 2952 254 3009 initio
268 2951 404 3010 Faustulo
417 2972 482 3027 spes
496 2953 595 3023 suerat,
611 2954 715 3028 regiam
731 2954 845 3028 stirpem
865 2953 939 3027 apud
962 2971 998 3030 se
1013 2953 1083 3008 edu-

104 3065 107 3074 ι
123 3029 198 3098 cari3
213 3049 279 3086 narn
291 3040 319 3086 et
330 3029 471 3104 expositos
481 3031 561 3106 jussu
573 3032 648 3106 regis
657 3031 781 3088 infantes
792 3029 909 3098 sciebat,
921 3041 950 3086 et
961 3041 1080 3105 tempus,

123 3125 178 3181 quo
192 3107 251 3181 ipse
265 3127 313 3164 eos
327 3107 495 3178 sustulisset,
510 3109 545 3164 ad
559 3108 588 3164 id
603 3109 694 3183 ipsum
707 3127 882 3187 congruere3
897 3108 947 3164 sed
959 3126 1017 3164 rem
1032 3107 1115 3164 im·³⁵

123 3196 273 3253 maturam,
297 3185 353 3242 nisi
376 3195 425 3242 aut
449 3203 498 3260 per
520 3187 702 3244 occasionem
726 3197 775 3243 aut
797 3205 847 3261 per
870 3185 1081 3253 necessitatem,

123 3263 225 3338 aperiri
249 3263 385 3320 noluerat.
427 3263 593 3320 Necessitas
615 3265 691 3338 prior
715 3263 807 3320 venit:
829 3265 876 3330 ita,
890 3274 968 3320 metu
981 3264 1082 3320 subae-

123 3352 178 3411 tus‚
192 3341 318 3408 Romulo
331 3338 389 3398 rem
412 3342 510 3416 aperit.
552 3341 679 3416 Forte-et
692 3341 847 3409 Numitori,
861 3361 946 3416 quum
969 3341 998 3398 in
1020 3361 1085 3398 cus-

123 3419 208 3476 todiit.
225 3420 351 3481 Remum
376 3419 502 3491 baberet,
526 3417 706 3493 audissetque
730 3420 860 3495 geminos
883 3439 945 3477 esse
972 3420 1080 3486 fratres,

123 3497 316 3574 comparando
329 3507 358 3554 et
371 3506 481 3554 aetatem
495 3517 604 3568 eorum,
617 3508 647 3554 et.
660 3499 749 3572 ipsam
763 3497 879 3554 minime
894 3497 1022 3554 servilem
1039 3497 1082 3554 in·
1091 3513 1116 3551 to

123 3573 227 3648 dalem,
242 3575 373 3650 tetigerat
386 3575 512 3632 animum
528 3575 663 3632 memoria
677 3581 831 3650 nepotum:
853 3575 1081 3648 sciscitandoque

122 3651 224 3712 eddem
247 3654 384 3730 pervenit,
409 3663 442 3710 ut
465 3653 540 3710 hand
564 3653 661 3728 procul
685 3665 769 3721 esset,
794 3653 861 3727 quin
889 3653 1013 3710 Remum
1035 3672 1083 3730 ag·
