<?xml version="1.0" encoding="UTF-8"?>
<!DOCTYPE html PUBLIC "-//W3C//DTD XHTML 1.0 Transitional//EN"
    "http://www.w3.org/TR/xhtml1/DTD/xhtml1-transitional.dtd">
<html xmlns="http://www.w3.org/1999/xhtml" xml:lang="en" lang="en">
 <head>
  <title>
</title>
<meta http-equiv="Content-Type" content="text/html;charset=utf-8" />
  <meta name='ocr-system' content='tesseract 3.04.00' />
  <meta name='ocr-capabilities' content='ocr_page ocr_carea ocr_par ocr_line ocrx_word'/>
</head>
<body>
  <div class='ocr_page' id='page_1' title='image "./historiarumetse01livygoog_0205.png"; bbox 0 0 2620 4220; ppageno 0'>
   <div class='ocr_carea' id='block_1_1' title="bbox 164 295 723 403">
    <p class='ocr_par' dir='ltr' id='par_1_1' title="bbox 164 295 723 403">
     <span class='ocr_line' id='line_1_1' title="bbox 164 295 723 403; baseline 0 -17"><span class='ocrx_word' id='word_1_1' title='bbox 164 339 220 403; x_wconf 68' lang='lat' dir='ltr'><strong>m</strong></span> <span class='ocrx_word' id='word_1_2' title='bbox 355 295 360 310; x_wconf 59' lang='lat'><em>⁶</em></span> <span class='ocrx_word' id='word_1_3' title='bbox 552 333 622 386; x_wconf 83' lang='grc' dir='ltr'><strong>ιιιι</strong></span> <span class='ocrx_word' id='word_1_4' title='bbox 638 334 723 387; x_wconf 79' lang='lat' dir='ltr'><strong>mvn</strong></span> 
     </span>
    </p>
   </div>
   <div class='ocr_carea' id='block_1_2' title="bbox 158 476 1165 1408">
    <p class='ocr_par' dir='ltr' id='par_1_2' title="bbox 158 476 1165 1174">
     <span class='ocr_line' id='line_1_2' title="bbox 160 476 1127 573; baseline -0.002 -33"><span class='ocrx_word' id='word_1_5' title='bbox 160 481 231 573; x_wconf 86' lang='lat' dir='ltr'><strong>perii</strong></span> <span class='ocrx_word' id='word_1_6' title='bbox 244 488 313 551; x_wconf 89' lang='lat' dir='ltr'><strong>eret,</strong></span> <span class='ocrx_word' id='word_1_7' title='bbox 327 477 398 536; x_wconf 91' lang='lat' dir='ltr'><strong>nihil</strong></span> <span class='ocrx_word' id='word_1_8' title='bbox 412 477 543 568; x_wconf 81' lang='lat' dir='ltr'><strong>consulto</strong></span> <span class='ocrx_word' id='word_1_9' title='bbox 563 477 684 554; x_wconf 66' lang='lat' dir='ltr'><strong>collega,</strong></span> <span class='ocrx_word' id='word_1_10' title='bbox 698 476 811 554; x_wconf 88' lang='lat' dir='ltr'><strong>signum</strong></span> <span class='ocrx_word' id='word_1_11' title='bbox 833 493 936 552; x_wconf 77' lang='lat' dir='ltr'><strong>pugnae</strong></span> <span class='ocrx_word' id='word_1_12' title='bbox 958 478 1127 555; x_wconf 79' lang='lat' dir='ltr'><strong>proposuit3</strong></span> 
     </span>
     <span class='ocr_line' id='line_1_3' title="bbox 160 550 1129 632; baseline 0.001 -17.011"><span class='ocrx_word' id='word_1_13' title='bbox 160 559 368 631; x_wconf 85' lang='lat' dir='ltr'><strong>instructasque</strong></span> <span class='ocrx_word' id='word_1_14' title='bbox 381 550 479 631; x_wconf 83' lang='lat' dir='ltr'><strong>copias</strong></span> <span class='ocrx_word' id='word_1_15' title='bbox 500 555 606 613; x_wconf 89' lang='lat' dir='ltr'><strong>flumen</strong></span> <span class='ocrx_word' id='word_1_16' title='bbox 620 557 753 627; x_wconf 79' lang='lat' dir='ltr'><strong>traduxit,</strong></span> <span class='ocrx_word' id='word_1_17' title='bbox 777 567 915 628; x_wconf 89' lang='lat' dir='ltr'><strong>sequente</strong></span> <span class='ocrx_word' id='word_1_18' title='bbox 929 555 1037 626; x_wconf 87' lang='lat' dir='ltr'><strong>Paulo;</strong></span> <span class='ocrx_word' id='word_1_19' title='bbox 1058 559 1129 632; x_wconf 84' lang='lat' dir='ltr'><strong>quia</strong></span> 
     </span>
     <span class='ocr_line' id='line_1_4' title="bbox 159 600 1127 710; baseline 0 -17"><span class='ocrx_word' id='word_1_20' title='bbox 159 636 251 710; x_wconf 90' lang='lat' dir='ltr'><strong>magis</strong></span> <span class='ocrx_word' id='word_1_21' title='bbox 264 654 322 692; x_wconf 92' lang='lat' dir='ltr'><strong>non</strong></span> <span class='ocrx_word' id='word_1_22' title='bbox 343 634 470 709; x_wconf 87' lang='lat' dir='ltr'><strong>probare,</strong></span> <span class='ocrx_word' id='word_1_23' title='bbox 491 633 576 707; x_wconf 71' lang='lat' dir='ltr'><strong>quim</strong></span> <span class='ocrx_word' id='word_1_24' title='bbox 597 653 653 690; x_wconf 92' lang='lat' dir='ltr'><strong>non</strong></span> <span class='ocrx_word' id='word_1_25' title='bbox 675 600 818 708; x_wconf 83' lang='lat' dir='ltr'><strong>adjuiare,</strong></span> <span class='ocrx_word' id='word_1_26' title='bbox 839 633 991 690; x_wconf 91' lang='lat' dir='ltr'><strong>consilium</strong></span> <span class='ocrx_word' id='word_1_27' title='bbox 1005 647 1127 710; x_wconf 86' lang='lat' dir='ltr'><strong>poterat.</strong></span> 
     </span>
     <span class='ocr_line' id='line_1_5' title="bbox 160 710 1127 788; baseline 0 -18"><span class='ocrx_word' id='word_1_28' title='bbox 160 712 347 788; x_wconf 80' lang='lat' dir='ltr'><strong>Transgressi</strong></span> <span class='ocrx_word' id='word_1_29' title='bbox 361 711 467 773; x_wconf 85' lang='lat' dir='ltr'><strong>flumen</strong></span> <span class='ocrx_word' id='word_1_30' title='bbox 488 729 537 768; x_wconf 88' lang='lat' dir='ltr'><strong>eas</strong></span> <span class='ocrx_word' id='word_1_31' title='bbox 557 730 678 785; x_wconf 91' lang='lat' dir='ltr'><strong>quoque,</strong></span> <span class='ocrx_word' id='word_1_32' title='bbox 705 729 776 786; x_wconf 88' lang='lat' dir='ltr'><strong>quas</strong></span> <span class='ocrx_word' id='word_1_33' title='bbox 796 710 825 766; x_wconf 92' lang='lat' dir='ltr'><strong>in</strong></span> <span class='ocrx_word' id='word_1_34' title='bbox 851 711 952 767; x_wconf 85' lang='lat' dir='ltr'><strong>castris</strong></span> <span class='ocrx_word' id='word_1_35' title='bbox 966 712 1127 770; x_wconf 88' lang='lat' dir='ltr'><strong>minoribus</strong></span> 
     </span>
     <span class='ocr_line' id='line_1_6' title="bbox 159 787 1165 864; baseline 0.002 -18"><span class='ocrx_word' id='word_1_36' title='bbox 159 791 329 856; x_wconf 79' lang='lat' dir='ltr'><strong>habuerant,</strong></span> <span class='ocrx_word' id='word_1_37' title='bbox 344 789 440 864; x_wconf 87' lang='lat' dir='ltr'><strong>copias</strong></span> <span class='ocrx_word' id='word_1_38' title='bbox 456 789 515 845; x_wconf 88' lang='lat' dir='ltr'><strong>suis</strong></span> <span class='ocrx_word' id='word_1_39' title='bbox 528 789 707 864; x_wconf 80' lang='lat' dir='ltr'><strong>adjungunt3</strong></span> <span class='ocrx_word' id='word_1_40' title='bbox 739 800 822 861; x_wconf 90' lang='lat' dir='ltr'><strong>atque</strong></span> <span class='ocrx_word' id='word_1_41' title='bbox 844 787 883 844; x_wconf 84' lang='lat' dir='ltr'><strong>ita</strong></span> <span class='ocrx_word' id='word_1_42' title='bbox 897 789 1036 848; x_wconf 70' lang='lat' dir='ltr'><strong>instructi</strong></span> <span class='ocrx_word' id='word_1_43' title='bbox 1051 791 1126 861; x_wconf 90' lang='lat' dir='ltr'><strong>acie,</strong></span> <span class='ocrx_word' id='word_1_44' title='bbox 1148 807 1165 848; x_wconf 75' lang='lat' dir='ltr'><strong>a</strong></span> 
     </span>
     <span class='ocr_line' id='line_1_7' title="bbox 160 865 1127 944; baseline 0.002 -20"><span class='ocrx_word' id='word_1_45' title='bbox 160 869 189 924; x_wconf 92' lang='lat' dir='ltr'><strong>in</strong></span> <span class='ocrx_word' id='word_1_46' title='bbox 205 869 303 924; x_wconf 85' lang='lat' dir='ltr'><strong>dextro</strong></span> <span class='ocrx_word' id='word_1_47' title='bbox 317 886 406 924; x_wconf 88' lang='lat' dir='ltr'><strong>cornu</strong></span> <span class='ocrx_word' id='word_1_48' title='bbox 422 867 464 941; x_wconf 86' lang='lat' dir='ltr'><strong>(id</strong></span> <span class='ocrx_word' id='word_1_49' title='bbox 485 876 545 924; x_wconf 92' lang='lat' dir='ltr'><strong>erat</strong></span> <span class='ocrx_word' id='word_1_50' title='bbox 559 865 670 922; x_wconf 88' lang='lat' dir='ltr'><strong>flumini</strong></span> <span class='ocrx_word' id='word_1_51' title='bbox 690 866 817 944; x_wconf 84' lang='lat' dir='ltr'><strong>propius)</strong></span> <span class='ocrx_word' id='word_1_52' title='bbox 845 865 994 922; x_wconf 88' lang='lat' dir='ltr'><strong>Romanos</strong></span> <span class='ocrx_word' id='word_1_53' title='bbox 1014 868 1127 942; x_wconf 89' lang='lat' dir='ltr'><strong>equites</strong></span> 
     </span>
     <span class='ocr_line' id='line_1_8' title="bbox 158 943 1128 1018; baseline 0.001 -16"><span class='ocrx_word' id='word_1_54' title='bbox 158 945 264 1014; x_wconf 80' lang='lat' dir='ltr'><strong>locent,</strong></span> <span class='ocrx_word' id='word_1_55' title='bbox 279 945 383 1001; x_wconf 89' lang='lat' dir='ltr'><strong>deinde</strong></span> <span class='ocrx_word' id='word_1_56' title='bbox 397 943 525 1018; x_wconf 80' lang='lat' dir='ltr'><strong>pedites.</strong></span> <span class='ocrx_word' id='word_1_57' title='bbox 545 943 646 1000; x_wconf 77' lang='lat' dir='ltr'><strong>larum</strong></span> <span class='ocrx_word' id='word_1_58' title='bbox 661 961 749 1000; x_wconf 86' lang='lat' dir='ltr'><strong>cornu</strong></span> <span class='ocrx_word' id='word_1_59' title='bbox 770 943 890 999; x_wconf 83' lang='lat' dir='ltr'><strong>extremi</strong></span> <span class='ocrx_word' id='word_1_60' title='bbox 911 945 1021 1018; x_wconf 79' lang='lat' dir='ltr'><strong>equites</strong></span> <span class='ocrx_word' id='word_1_61' title='bbox 1035 946 1128 1003; x_wconf 88' lang='lat' dir='ltr'><strong>socio·</strong></span> 
     </span>
     <span class='ocr_line' id='line_1_9' title="bbox 159 991 1127 1110; baseline 0.002 -32"><span class='ocrx_word' id='word_1_62' title='bbox 159 1041 233 1089; x_wconf 86' lang='lat' dir='ltr'><strong>rum,</strong></span> <span class='ocrx_word' id='word_1_63' title='bbox 247 991 322 1078; x_wconf 76' lang='lat' dir='ltr'><strong>iirtrd</strong></span> <span class='ocrx_word' id='word_1_64' title='bbox 342 1021 461 1098; x_wconf 75' lang='lat' dir='ltr'><strong>pedites,</strong></span> <span class='ocrx_word' id='word_1_65' title='bbox 483 1022 519 1078; x_wconf 88' lang='lat' dir='ltr'><strong>ad</strong></span> <span class='ocrx_word' id='word_1_66' title='bbox 533 1018 658 1078; x_wconf 90' lang='lat' dir='ltr'><strong>medium</strong></span> <span class='ocrx_word' id='word_1_67' title='bbox 677 1021 770 1110; x_wconf 83' lang='lat' dir='ltr'><strong>juncti</strong></span> <span class='ocrx_word' id='word_1_68' title='bbox 791 1020 952 1095; x_wconf 86' lang='lat' dir='ltr'><strong>legionibus</strong></span> <span class='ocrx_word' id='word_1_69' title='bbox 972 1021 1127 1096; x_wconf 86' lang='lat' dir='ltr'><strong>Romanis,</strong></span> 
     </span>
     <span class='ocr_line' id='line_1_10' title="bbox 159 1097 1128 1174; baseline 0.002 -18"><span class='ocrx_word' id='word_1_70' title='bbox 159 1109 333 1156; x_wconf 89' lang='lat' dir='ltr'><strong>tenuerunt.</strong></span> <span class='ocrx_word' id='word_1_71' title='bbox 351 1097 522 1174; x_wconf 87' lang='lat' dir='ltr'><strong>jaculatores</strong></span> <span class='ocrx_word' id='word_1_72' title='bbox 536 1117 603 1156; x_wconf 91' lang='lat' dir='ltr'><strong>curn</strong></span> <span class='ocrx_word' id='word_1_73' title='bbox 607 1100 728 1156; x_wconf 80' lang='lat' dir='ltr'><strong>c¹reteris</strong></span> <span class='ocrx_word' id='word_1_74' title='bbox 748 1098 852 1154; x_wconf 86' lang='lat' dir='ltr'><strong>levium</strong></span> <span class='ocrx_word' id='word_1_75' title='bbox 867 1117 1009 1156; x_wconf 88' lang='lat' dir='ltr'><strong>armorum</strong></span> <span class='ocrx_word' id='word_1_76' title='bbox 1024 1101 1128 1160; x_wconf 87' lang='lat' dir='ltr'><strong>auxili·</strong></span> 
     </span>
    </p>

    <p class='ocr_par' dir='ltr' id='par_1_3' title="bbox 159 1176 1163 1408">
     <span class='ocr_line' id='line_1_11' title="bbox 159 1176 1163 1252; baseline 0.005 -19"><span class='ocrx_word' id='word_1_77' title='bbox 159 1179 183 1234; x_wconf 92' lang='lat' dir='ltr'><strong>is</strong></span> <span class='ocrx_word' id='word_1_78' title='bbox 198 1178 288 1252; x_wconf 87' lang='lat' dir='ltr'><strong>prima</strong></span> <span class='ocrx_word' id='word_1_79' title='bbox 302 1177 379 1234; x_wconf 88' lang='lat' dir='ltr'><strong>acies</strong></span> <span class='ocrx_word' id='word_1_80' title='bbox 393 1177 476 1234; x_wconf 86' lang='lat' dir='ltr'><strong>facte.</strong></span> <span class='ocrx_word' id='word_1_81' title='bbox 518 1176 658 1234; x_wconf 85' lang='lat' dir='ltr'><strong>Consules</strong></span> <span class='ocrx_word' id='word_1_82' title='bbox 681 1193 789 1234; x_wconf 87' lang='lat' dir='ltr'><strong>cornua</strong></span> <span class='ocrx_word' id='word_1_83' title='bbox 811 1177 1163 1246; x_wconf 74' lang='lat' dir='ltr'><strong>tennerunt3&#39;l&#39;eren-1o</strong></span> 
     </span>
     <span class='ocr_line' id='line_1_12' title="bbox 159 1221 1127 1350; baseline 0.003 -39"><span class='ocrx_word' id='word_1_84' title='bbox 159 1256 216 1311; x_wconf 88' lang='lat' dir='ltr'><strong>tius</strong></span> <span class='ocrx_word' id='word_1_85' title='bbox 241 1255 353 1327; x_wconf 86' lang='lat' dir='ltr'><strong>laevnm,</strong></span> <span class='ocrx_word' id='word_1_86' title='bbox 378 1239 512 1313; x_wconf 84' lang='lat' dir='ltr'><strong>AEmilius</strong></span> <span class='ocrx_word' id='word_1_87' title='bbox 536 1255 675 1312; x_wconf 83' lang='lat' dir='ltr'><strong>dextrum.</strong></span> <span class='ocrx_word' id='word_1_88' title='bbox 729 1254 853 1350; x_wconf 80' lang='lat' dir='ltr'><strong>Gemino</strong></span> <span class='ocrx_word' id='word_1_89' title='bbox 883 1221 1003 1312; x_wconf 85' lang='lat' dir='ltr'><strong>Servilio</strong></span> <span class='ocrx_word' id='word_1_90' title='bbox 1029 1257 1127 1314; x_wconf 90' lang='lat' dir='ltr'><strong>media</strong></span> 
     </span>
     <span class='ocr_line' id='line_1_13' title="bbox 159 1301 465 1408; baseline 0 -19"><span class='ocrx_word' id='word_1_91' title='bbox 159 1348 257 1408; x_wconf 81' lang='lat' dir='ltr'><strong>pugne</strong></span> <span class='ocrx_word' id='word_1_92' title='bbox 271 1301 378 1390; x_wconf 89' lang='lat' dir='ltr'><strong>tuenda</strong></span> <span class='ocrx_word' id='word_1_93' title='bbox 390 1333 465 1390; x_wconf 82' lang='lat' dir='ltr'><strong>data.</strong></span> 
     </span>
    </p>
   </div>
   <div class='ocr_carea' id='block_1_3' title="bbox 158 1485 1160 3494">
    <p class='ocr_par' dir='ltr' id='par_1_4' title="bbox 158 1485 1160 3494">
     <span class='ocr_line' id='line_1_14' title="bbox 198 1485 1144 1566; baseline 0.003 -21"><span class='ocrx_word' id='word_1_94' title='bbox 198 1487 308 1546; x_wconf 87' lang='lat' dir='ltr'>XLVI</span> <span class='ocrx_word' id='word_1_95' title='bbox 330 1488 477 1546; x_wconf 85' lang='lat' dir='ltr'><strong>Hannibal</strong></span> <span class='ocrx_word' id='word_1_96' title='bbox 490 1488 555 1546; x_wconf 89' lang='lat' dir='ltr'><strong>luce</strong></span> <span class='ocrx_word' id='word_1_97' title='bbox 576 1487 677 1566; x_wconf 71' lang='lat' dir='ltr'><strong>primi,</strong></span> <span class='ocrx_word' id='word_1_98' title='bbox 692 1487 858 1546; x_wconf 84' lang='lat' dir='ltr'><strong>Balearibus</strong></span> <span class='ocrx_word' id='word_1_99' title='bbox 878 1485 990 1564; x_wconf 80' lang='lat' dir='ltr'><strong>levique</strong></span> <span class='ocrx_word' id='word_1_100' title='bbox 1012 1489 1067 1546; x_wconf 83' lang='grc' dir='ltr'><strong>ιιιι</strong></span> <span class='ocrx_word' id='word_1_101' title='bbox 1081 1509 1144 1548; x_wconf 90' lang='lat' dir='ltr'><strong>ar·.</strong></span> 
     </span>
     <span class='ocr_line' id='line_1_15' title="bbox 159 1565 1125 1656; baseline 0.003 -34"><span class='ocrx_word' id='word_1_102' title='bbox 159 1568 268 1622; x_wconf 88' lang='lat' dir='ltr'><strong>matura</strong></span> <span class='ocrx_word' id='word_1_103' title='bbox 280 1567 437 1656; x_wconf 70' lang='lat' dir='ltr'><strong>praemissa,</strong></span> <span class='ocrx_word' id='word_1_104' title='bbox 453 1578 645 1643; x_wconf 87' lang='lat' dir='ltr'><strong>transgressus</strong></span> <span class='ocrx_word' id='word_1_105' title='bbox 659 1565 776 1633; x_wconf 89' lang='lat' dir='ltr'><strong>flumen,</strong></span> <span class='ocrx_word' id='word_1_106' title='bbox 800 1578 831 1624; x_wconf 88' lang='lat' dir='ltr'><strong>ut</strong></span> <span class='ocrx_word' id='word_1_107' title='bbox 852 1587 976 1656; x_wconf 87' lang='lat' dir='ltr'><strong>quosque</strong></span> <span class='ocrx_word' id='word_1_108' title='bbox 990 1569 1125 1625; x_wconf 76' lang='lat' dir='ltr'><strong>traduxe-</strong></span> 
     </span>
     <span class='ocr_line' id='line_1_16' title="bbox 159 1643 1160 1734; baseline 0.004 -35"><span class='ocrx_word' id='word_1_109' title='bbox 159 1656 211 1715; x_wconf 88' lang='lat' dir='ltr'><strong>rat,</strong></span> <span class='ocrx_word' id='word_1_110' title='bbox 226 1644 265 1700; x_wconf 91' lang='lat' dir='ltr'><strong>ita</strong></span> <span class='ocrx_word' id='word_1_111' title='bbox 278 1644 308 1700; x_wconf 91' lang='lat' dir='ltr'><strong>in</strong></span> <span class='ocrx_word' id='word_1_112' title='bbox 323 1645 385 1700; x_wconf 86' lang='lat' dir='ltr'><strong>acie</strong></span> <span class='ocrx_word' id='word_1_113' title='bbox 396 1643 527 1702; x_wconf 87' lang='lat' dir='ltr'><strong>locabat:</strong></span> <span class='ocrx_word' id='word_1_114' title='bbox 549 1645 646 1702; x_wconf 86' lang='lat' dir='ltr'><strong>Gallos</strong></span> <span class='ocrx_word' id='word_1_115' title='bbox 660 1645 859 1734; x_wconf 83' lang='lat' dir='ltr'><strong>Hispanosque</strong></span> <span class='ocrx_word' id='word_1_116' title='bbox 873 1647 982 1719; x_wconf 86' lang='lat' dir='ltr'><strong>equites</strong></span> <span class='ocrx_word' id='word_1_117' title='bbox 993 1665 1079 1720; x_wconf 88' lang='lat' dir='ltr'><strong>prope</strong></span> <span class='ocrx_word' id='word_1_118' title='bbox 1088 1647 1125 1703; x_wconf 94' lang='lat' dir='ltr'><strong>ri·</strong></span> <span class='ocrx_word' id='word_1_119' title='bbox 1135 1669 1160 1710; x_wconf 76' lang='grc' dir='ltr'><strong>ιι</strong></span> 
     </span>
     <span class='ocr_line' id='line_1_17' title="bbox 158 1721 1125 1797; baseline 0.006 -21"><span class='ocrx_word' id='word_1_120' title='bbox 158 1741 223 1795; x_wconf 86' lang='lat' dir='ltr'><strong>pam</strong></span> <span class='ocrx_word' id='word_1_121' title='bbox 237 1721 329 1778; x_wconf 86' lang='lat' dir='ltr'><strong>laevo</strong></span> <span class='ocrx_word' id='word_1_122' title='bbox 322 1741 351 1778; x_wconf 92' lang='lat' dir='ltr'><strong>m</strong></span> <span class='ocrx_word' id='word_1_123' title='bbox 366 1740 456 1779; x_wconf 88' lang='lat' dir='ltr'><strong>cornu</strong></span> <span class='ocrx_word' id='word_1_124' title='bbox 470 1723 604 1779; x_wconf 87' lang='lat' dir='ltr'><strong>adversus</strong></span> <span class='ocrx_word' id='word_1_125' title='bbox 616 1723 780 1780; x_wconf 85' lang='lat' dir='ltr'><strong>Romanum</strong></span> <span class='ocrx_word' id='word_1_126' title='bbox 794 1724 970 1797; x_wconf 87' lang='lat' dir='ltr'><strong>equitatum:</strong></span> <span class='ocrx_word' id='word_1_127' title='bbox 991 1723 1125 1782; x_wconf 82' lang='lat' dir='ltr'><strong>dextrum</strong></span> 
     </span>
     <span class='ocr_line' id='line_1_18' title="bbox 159 1799 1124 1876; baseline 0.004 -22"><span class='ocrx_word' id='word_1_128' title='bbox 159 1815 248 1856; x_wconf 90' lang='lat' dir='ltr'><strong>cornu</strong></span> <span class='ocrx_word' id='word_1_129' title='bbox 264 1799 399 1856; x_wconf 89' lang='lat' dir='ltr'><strong>Numidis</strong></span> <span class='ocrx_word' id='word_1_130' title='bbox 423 1800 565 1874; x_wconf 87' lang='lat' dir='ltr'><strong>equitibus</strong></span> <span class='ocrx_word' id='word_1_131' title='bbox 586 1801 693 1870; x_wconf 83' lang='lat' dir='ltr'><strong>datum,</strong></span> <span class='ocrx_word' id='word_1_132' title='bbox 714 1799 892 1857; x_wconf 65' lang='lat' dir='ltr'><strong>mediolanis</strong></span> <span class='ocrx_word' id='word_1_133' title='bbox 913 1801 1055 1876; x_wconf 89' lang='lat' dir='ltr'><strong>peditibus</strong></span> <span class='ocrx_word' id='word_1_134' title='bbox 1077 1801 1124 1858; x_wconf 89' lang='lat' dir='ltr'><strong>fir-</strong></span> 
     </span>
     <span class='ocr_line' id='line_1_19' title="bbox 159 1876 1125 1953; baseline 0.003 -20"><span class='ocrx_word' id='word_1_135' title='bbox 159 1879 252 1946; x_wconf 53' lang='lat' dir='ltr'><strong>matim</strong></span> <span class='ocrx_word' id='word_1_136' title='bbox 273 1876 322 1947; x_wconf 84' lang='lat' dir='ltr'><strong>ite,</strong></span> <span class='ocrx_word' id='word_1_137' title='bbox 336 1887 367 1934; x_wconf 89' lang='lat' dir='ltr'><strong>ut</strong></span> <span class='ocrx_word' id='word_1_138' title='bbox 381 1877 516 1934; x_wconf 81' lang='lat' dir='ltr'><strong>Afrorum</strong></span> <span class='ocrx_word' id='word_1_139' title='bbox 530 1889 648 1952; x_wconf 87' lang='lat' dir='ltr'><strong>utraque</strong></span> <span class='ocrx_word' id='word_1_140' title='bbox 669 1897 777 1935; x_wconf 87' lang='lat' dir='ltr'><strong>cornua</strong></span> <span class='ocrx_word' id='word_1_141' title='bbox 790 1889 895 1945; x_wconf 83' lang='lat' dir='ltr'><strong>essent,</strong></span> <span class='ocrx_word' id='word_1_142' title='bbox 910 1879 1125 1953; x_wconf 87' lang='lat' dir='ltr'><strong>interponeren-</strong></span> 
     </span>
     <span class='ocr_line' id='line_1_20' title="bbox 159 1954 1125 2032; baseline 0.001 -21"><span class='ocrx_word' id='word_1_143' title='bbox 159 1967 204 2011; x_wconf 90' lang='lat' dir='ltr'><strong>tur</strong></span> <span class='ocrx_word' id='word_1_144' title='bbox 218 1955 263 2012; x_wconf 89' lang='lat' dir='ltr'><strong>his</strong></span> <span class='ocrx_word' id='word_1_145' title='bbox 277 1955 364 2012; x_wconf 90' lang='lat' dir='ltr'><strong>medii</strong></span> <span class='ocrx_word' id='word_1_146' title='bbox 378 1955 453 2012; x_wconf 86' lang='lat' dir='ltr'><strong>Galli</strong></span> <span class='ocrx_word' id='word_1_147' title='bbox 472 1954 555 2030; x_wconf 89' lang='lat' dir='ltr'><strong>atque</strong></span> <span class='ocrx_word' id='word_1_148' title='bbox 570 1956 700 2030; x_wconf 86' lang='lat' dir='ltr'><strong>Hispani.</strong></span> <span class='ocrx_word' id='word_1_149' title='bbox 743 1956 828 2013; x_wconf 80' lang='lat' dir='ltr'><strong>Afros</strong></span> <span class='ocrx_word' id='word_1_150' title='bbox 842 1957 1005 2014; x_wconf 89' lang='lat' dir='ltr'><strong>Romanam</strong></span> <span class='ocrx_word' id='word_1_151' title='bbox 1020 1958 1125 2032; x_wconf 72' lang='lat' dir='ltr'><strong>magna</strong></span> 
     </span>
     <span class='ocr_line' id='line_1_21' title="bbox 159 2033 1160 2107; baseline 0.004 -19"><span class='ocrx_word' id='word_1_152' title='bbox 159 2044 286 2107; x_wconf 84' lang='lat' dir='ltr'><strong>exparte</strong></span> <span class='ocrx_word' id='word_1_153' title='bbox 300 2035 432 2090; x_wconf 85' lang='lat' dir='ltr'><strong>crederes</strong></span> <span class='ocrx_word' id='word_1_154' title='bbox 446 2034 557 2090; x_wconf 90' lang='lat' dir='ltr'><strong>aciem:</strong></span> <span class='ocrx_word' id='word_1_155' title='bbox 579 2033 618 2090; x_wconf 90' lang='lat' dir='ltr'><strong>ita</strong></span> <span class='ocrx_word' id='word_1_156' title='bbox 632 2033 731 2089; x_wconf 89' lang='lat' dir='ltr'><strong>armati</strong></span> <span class='ocrx_word' id='word_1_157' title='bbox 746 2044 836 2106; x_wconf 90' lang='lat' dir='ltr'><strong>erant,</strong></span> <span class='ocrx_word' id='word_1_158' title='bbox 851 2034 937 2090; x_wconf 90' lang='lat' dir='ltr'><strong>armis</strong></span> <span class='ocrx_word' id='word_1_159' title='bbox 950 2045 979 2090; x_wconf 93' lang='lat' dir='ltr'><strong>et</strong></span> <span class='ocrx_word' id='word_1_160' title='bbox 1000 2035 1036 2090; x_wconf 87' lang='lat' dir='ltr'><strong>ad</strong></span> <span class='ocrx_word' id='word_1_161' title='bbox 1051 2035 1160 2098; x_wconf 75' lang='lat' dir='ltr'><strong>Tre-so</strong></span> 
     </span>
     <span class='ocr_line' id='line_1_22' title="bbox 159 2109 1123 2188; baseline 0.004 -22"><span class='ocrx_word' id='word_1_162' title='bbox 159 2111 245 2176; x_wconf 89' lang='lat' dir='ltr'><strong>biam,</strong></span> <span class='ocrx_word' id='word_1_163' title='bbox 270 2111 405 2168; x_wconf 85' lang='lat' dir='ltr'><strong>caeterrim</strong></span> <span class='ocrx_word' id='word_1_164' title='bbox 432 2112 538 2188; x_wconf 79' lang='lat' dir='ltr'><strong>magnai</strong></span> <span class='ocrx_word' id='word_1_165' title='bbox 565 2131 600 2170; x_wconf 86' lang='lat' dir='ltr'><strong>ex</strong></span> <span class='ocrx_word' id='word_1_166' title='bbox 620 2122 699 2186; x_wconf 91' lang='lat' dir='ltr'><strong>parte</strong></span> <span class='ocrx_word' id='word_1_167' title='bbox 720 2111 756 2167; x_wconf 89' lang='lat' dir='ltr'><strong>ad</strong></span> <span class='ocrx_word' id='word_1_168' title='bbox 781 2109 994 2184; x_wconf 85' lang='lat' dir='ltr'><strong>Trasimenum,</strong></span> <span class='ocrx_word' id='word_1_169' title='bbox 1022 2113 1123 2188; x_wconf 87' lang='lat' dir='ltr'><strong>captis.</strong></span> 
     </span>
     <span class='ocr_line' id='line_1_23' title="bbox 159 2188 1125 2266; baseline 0.003 -22"><span class='ocrx_word' id='word_1_170' title='bbox 159 2188 248 2245; x_wconf 88' lang='lat' dir='ltr'><strong>Gallis</strong></span> <span class='ocrx_word' id='word_1_171' title='bbox 263 2188 455 2263; x_wconf 90' lang='lat' dir='ltr'><strong>Hispanisque</strong></span> <span class='ocrx_word' id='word_1_172' title='bbox 470 2202 551 2246; x_wconf 83' lang='lat' dir='ltr'><strong>scuta</strong></span> <span class='ocrx_word' id='word_1_173' title='bbox 565 2189 693 2264; x_wconf 86' lang='lat' dir='ltr'><strong>ejusdem</strong></span> <span class='ocrx_word' id='word_1_174' title='bbox 716 2189 813 2246; x_wconf 79' lang='lat' dir='ltr'><strong>formae</strong></span> <span class='ocrx_word' id='word_1_175' title='bbox 827 2188 885 2246; x_wconf 83' lang='lat' dir='ltr'><strong>lere</strong></span> <span class='ocrx_word' id='word_1_176' title='bbox 900 2201 1001 2258; x_wconf 82' lang='lat' dir='ltr'><strong>erant3</strong></span> <span class='ocrx_word' id='word_1_177' title='bbox 1030 2191 1125 2266; x_wconf 87' lang='lat' dir='ltr'><strong>dispa-</strong></span> 
     </span>
     <span class='ocr_line' id='line_1_24' title="bbox 159 2266 1124 2354; baseline 0.005 -33"><span class='ocrx_word' id='word_1_178' title='bbox 159 2285 204 2322; x_wconf 90' lang='lat' dir='ltr'><strong>res</strong></span> <span class='ocrx_word' id='word_1_179' title='bbox 219 2285 252 2322; x_wconf 91' lang='lat' dir='ltr'><strong>ac</strong></span> <span class='ocrx_word' id='word_1_180' title='bbox 266 2267 418 2322; x_wconf 86' lang='lat' dir='ltr'><strong>dissimiles</strong></span> <span class='ocrx_word' id='word_1_181' title='bbox 431 2266 536 2354; x_wconf 35' lang='lat' dir='ltr'><strong>gladi·i;</strong></span> <span class='ocrx_word' id='word_1_182' title='bbox 571 2267 661 2323; x_wconf 85' lang='lat' dir='ltr'><strong>Gallis</strong></span> <span class='ocrx_word' id='word_1_183' title='bbox 681 2267 818 2342; x_wconf 78' lang='lat' dir='ltr'><strong>praelongi</strong></span> <span class='ocrx_word' id='word_1_184' title='bbox 840 2287 874 2324; x_wconf 90' lang='lat' dir='ltr'><strong>ac</strong></span> <span class='ocrx_word' id='word_1_185' title='bbox 896 2268 957 2324; x_wconf 88' lang='lat' dir='ltr'><strong>siue</strong></span> <span class='ocrx_word' id='word_1_186' title='bbox 981 2269 1124 2326; x_wconf 88' lang='lat' dir='ltr'><strong>mucroni·</strong></span> 
     </span>
     <span class='ocr_line' id='line_1_25' title="bbox 160 2340 1123 2420; baseline 0.005 -22"><span class='ocrx_word' id='word_1_187' title='bbox 160 2343 228 2410; x_wconf 90' lang='lat' dir='ltr'><strong>bus;</strong></span> <span class='ocrx_word' id='word_1_188' title='bbox 260 2340 399 2417; x_wconf 84' lang='lat' dir='ltr'><strong>Hispano,</strong></span> <span class='ocrx_word' id='word_1_189' title='bbox 413 2343 541 2417; x_wconf 90' lang='lat' dir='ltr'><strong>punctim</strong></span> <span class='ocrx_word' id='word_1_190' title='bbox 561 2345 652 2419; x_wconf 87' lang='lat' dir='ltr'><strong>magis</strong></span> <span class='ocrx_word' id='word_1_191' title='bbox 669 2345 753 2418; x_wconf 84' lang='lat' dir='ltr'><strong>quarn</strong></span> <span class='ocrx_word' id='word_1_192' title='bbox 776 2345 872 2402; x_wconf 79' lang='lat' dir='ltr'><strong>cesirn</strong></span> <span class='ocrx_word' id='word_1_193' title='bbox 893 2357 1005 2403; x_wconf 88' lang='lat' dir='ltr'><strong>assueto</strong></span> <span class='ocrx_word' id='word_1_194' title='bbox 1026 2357 1123 2420; x_wconf 86' lang='lat' dir='ltr'><strong>petere</strong></span> 
     </span>
     <span class='ocr_line' id='line_1_26' title="bbox 159 2421 1160 2491; baseline 0.005 -15"><span class='ocrx_word' id='word_1_195' title='bbox 159 2421 279 2491; x_wconf 88' lang='lat' dir='ltr'><strong>hostem,</strong></span> <span class='ocrx_word' id='word_1_196' title='bbox 294 2421 429 2477; x_wconf 85' lang='lat' dir='ltr'><strong>brevitate</strong></span> <span class='ocrx_word' id='word_1_197' title='bbox 444 2421 562 2488; x_wconf 90' lang='lat' dir='ltr'><strong>habiles,</strong></span> <span class='ocrx_word' id='word_1_198' title='bbox 585 2433 693 2478; x_wconf 91' lang='lat' dir='ltr'><strong>etcum</strong></span> <span class='ocrx_word' id='word_1_199' title='bbox 714 2423 907 2480; x_wconf 81' lang='lat' dir='ltr'><strong>mucronibus.</strong></span> <span class='ocrx_word' id='word_1_200' title='bbox 948 2425 1026 2481; x_wconf 88' lang='lat' dir='ltr'><strong>Ante</strong></span> <span class='ocrx_word' id='word_1_201' title='bbox 1040 2435 1160 2488; x_wconf 73' lang='lat' dir='ltr'><strong>cete-es</strong></span> 
     </span>
     <span class='ocr_line' id='line_1_27' title="bbox 159 2497 1122 2576; baseline 0.005 -22"><span class='ocrx_word' id='word_1_202' title='bbox 159 2516 213 2567; x_wconf 87' lang='lat' dir='ltr'><strong>ros,</strong></span> <span class='ocrx_word' id='word_1_203' title='bbox 241 2497 354 2554; x_wconf 87' lang='lat' dir='ltr'><strong>habitus</strong></span> <span class='ocrx_word' id='word_1_204' title='bbox 374 2498 503 2574; x_wconf 89' lang='lat' dir='ltr'><strong>gentium</strong></span> <span class='ocrx_word' id='word_1_205' title='bbox 525 2500 635 2573; x_wconf 89' lang='lat' dir='ltr'><strong>harum,</strong></span> <span class='ocrx_word' id='word_1_206' title='bbox 662 2511 722 2557; x_wconf 92' lang='lat' dir='ltr'><strong>tum</strong></span> <span class='ocrx_word' id='word_1_207' title='bbox 744 2501 940 2576; x_wconf 85' lang='lat' dir='ltr'><strong>magnitudine</strong></span> <span class='ocrx_word' id='word_1_208' title='bbox 961 2521 1122 2576; x_wconf 88' lang='lat' dir='ltr'><strong>corporum,</strong></span> 
     </span>
     <span class='ocr_line' id='line_1_28' title="bbox 159 2576 1123 2654; baseline 0.005 -22"><span class='ocrx_word' id='word_1_209' title='bbox 159 2588 219 2632; x_wconf 89' lang='lat' dir='ltr'><strong>tum</strong></span> <span class='ocrx_word' id='word_1_210' title='bbox 241 2576 347 2652; x_wconf 88' lang='lat' dir='ltr'><strong>specie,</strong></span> <span class='ocrx_word' id='word_1_211' title='bbox 362 2577 494 2634; x_wconf 87' lang='lat' dir='ltr'><strong>terribilis</strong></span> <span class='ocrx_word' id='word_1_212' title='bbox 515 2587 583 2634; x_wconf 93' lang='lat' dir='ltr'><strong>erat.</strong></span> <span class='ocrx_word' id='word_1_213' title='bbox 618 2579 720 2636; x_wconf 88' lang='lat' dir='ltr'><strong>Galli</strong></span> <span class='ocrx_word' id='word_1_214' title='bbox 747 2599 831 2654; x_wconf 87' lang='lat' dir='ltr'><strong>super</strong></span> <span class='ocrx_word' id='word_1_215' title='bbox 851 2580 1018 2637; x_wconf 80' lang='lat' dir='ltr'><strong>umbilicum</strong></span> <span class='ocrx_word' id='word_1_216' title='bbox 1040 2591 1123 2638; x_wconf 89' lang='lat' dir='ltr'><strong>erant</strong></span> 
     </span>
     <span class='ocr_line' id='line_1_29' title="bbox 159 2653 1123 2738; baseline 0.006 -28"><span class='ocrx_word' id='word_1_217' title='bbox 159 2653 247 2711; x_wconf 83' lang='grc' dir='ltr'><strong>ιιιιιιι·</strong></span> <span class='ocrx_word' id='word_1_218' title='bbox 284 2655 405 2730; x_wconf 90' lang='lat' dir='ltr'><strong>Hispani</strong></span> <span class='ocrx_word' id='word_1_219' title='bbox 429 2656 524 2712; x_wconf 91' lang='lat' dir='ltr'><strong>linteis</strong></span> <span class='ocrx_word' id='word_1_220' title='bbox 545 2657 689 2738; x_wconf 85' lang='lat' dir='ltr'><strong>praetextis</strong></span> <span class='ocrx_word' id='word_1_221' title='bbox 715 2657 839 2732; x_wconf 72' lang='lat' dir='ltr'><strong>perpuri</strong></span> <span class='ocrx_word' id='word_1_222' title='bbox 860 2658 976 2725; x_wconf 88' lang='lat' dir='ltr'><strong>tunicis,</strong></span> <span class='ocrx_word' id='word_1_223' title='bbox 997 2659 1123 2716; x_wconf 88' lang='lat' dir='ltr'><strong>candore</strong></span> 
     </span>
     <span class='ocr_line' id='line_1_30' title="bbox 159 2731 1123 2810; baseline 0.003 -21"><span class='ocrx_word' id='word_1_224' title='bbox 159 2733 231 2790; x_wconf 90' lang='lat' dir='ltr'><strong>miro</strong></span> <span class='ocrx_word' id='word_1_225' title='bbox 245 2733 429 2808; x_wconf 82' lang='lat' dir='ltr'><strong>fulgentibus,</strong></span> <span class='ocrx_word' id='word_1_226' title='bbox 443 2731 638 2792; x_wconf 87' lang='lat' dir='ltr'><strong>constiterant.</strong></span> <span class='ocrx_word' id='word_1_227' title='bbox 679 2734 826 2792; x_wconf 90' lang='lat' dir='ltr'><strong>Numerus</strong></span> <span class='ocrx_word' id='word_1_228' title='bbox 844 2737 969 2793; x_wconf 90' lang='lat' dir='ltr'><strong>omniurn</strong></span> <span class='ocrx_word' id='word_1_229' title='bbox 984 2737 1123 2810; x_wconf 90' lang='lat' dir='ltr'><strong>peditum,</strong></span> 
     </span>
     <span class='ocr_line' id='line_1_31' title="bbox 159 2811 1159 2903; baseline 0.007 -37"><span class='ocrx_word' id='word_1_230' title='bbox 159 2811 207 2884; x_wconf 93' lang='lat' dir='ltr'><strong>qui</strong></span> <span class='ocrx_word' id='word_1_231' title='bbox 222 2821 282 2868; x_wconf 90' lang='lat' dir='ltr'><strong>tum</strong></span> <span class='ocrx_word' id='word_1_232' title='bbox 296 2822 434 2868; x_wconf 89' lang='lat' dir='ltr'><strong>steterunt</strong></span> <span class='ocrx_word' id='word_1_233' title='bbox 449 2812 478 2867; x_wconf 93' lang='lat' dir='ltr'><strong>in</strong></span> <span class='ocrx_word' id='word_1_234' title='bbox 493 2812 565 2878; x_wconf 82' lang='lat' dir='ltr'><strong>acie,</strong></span> <span class='ocrx_word' id='word_1_235' title='bbox 589 2813 708 2869; x_wconf 89' lang='lat' dir='ltr'><strong>millium</strong></span> <span class='ocrx_word' id='word_1_236' title='bbox 734 2813 785 2869; x_wconf 84' lang='lat' dir='ltr'><strong>fuit</strong></span> <span class='ocrx_word' id='word_1_237' title='bbox 805 2814 1005 2903; x_wconf 81' lang='lat' dir='ltr'><strong>quadraginta,</strong></span> <span class='ocrx_word' id='word_1_238' title='bbox 1020 2815 1159 2876; x_wconf 85' lang='lat' dir='ltr'><strong>decemao</strong></span> 
     </span>
     <span class='ocr_line' id='line_1_32' title="bbox 160 2889 1121 2965; baseline 0.004 -21"><span class='ocrx_word' id='word_1_239' title='bbox 160 2889 295 2964; x_wconf 89' lang='lat' dir='ltr'><strong>equitum.</strong></span> <span class='ocrx_word' id='word_1_240' title='bbox 351 2889 449 2945; x_wconf 87' lang='lat' dir='ltr'><strong>Duces</strong></span> <span class='ocrx_word' id='word_1_241' title='bbox 475 2889 610 2946; x_wconf 89' lang='lat' dir='ltr'><strong>cornibus</strong></span> <span class='ocrx_word' id='word_1_242' title='bbox 636 2901 784 2965; x_wconf 73' lang='lat' dir='ltr'><strong>preerant,</strong></span> <span class='ocrx_word' id='word_1_243' title='bbox 813 2892 927 2948; x_wconf 88' lang='lat' dir='ltr'><strong>sinistro</strong></span> <span class='ocrx_word' id='word_1_244' title='bbox 948 2892 1121 2960; x_wconf 83' lang='lat' dir='ltr'><strong>Hasdrubal,</strong></span> 
     </span>
     <span class='ocr_line' id='line_1_33' title="bbox 159 2966 1122 3044; baseline 0.002 -20"><span class='ocrx_word' id='word_1_245' title='bbox 159 2968 258 3024; x_wconf 84' lang='lat' dir='ltr'><strong>dextro</strong></span> <span class='ocrx_word' id='word_1_246' title='bbox 273 2966 438 3023; x_wconf 85' lang='lat' dir='ltr'><strong>Maharbal:</strong></span> <span class='ocrx_word' id='word_1_247' title='bbox 461 2967 583 3024; x_wconf 89' lang='lat' dir='ltr'><strong>mediam</strong></span> <span class='ocrx_word' id='word_1_248' title='bbox 598 2969 689 3024; x_wconf 86' lang='lat' dir='ltr'><strong>aciem</strong></span> <span class='ocrx_word' id='word_1_249' title='bbox 714 2969 860 3025; x_wconf 81' lang='lat' dir='ltr'><strong>Hannibal</strong></span> <span class='ocrx_word' id='word_1_250' title='bbox 882 2971 942 3044; x_wconf 90' lang='lat' dir='ltr'><strong>ipse</strong></span> <span class='ocrx_word' id='word_1_251' title='bbox 957 2989 1022 3026; x_wconf 89' lang='lat' dir='ltr'><strong>cum</strong></span> <span class='ocrx_word' id='word_1_252' title='bbox 1038 2969 1122 3027; x_wconf 83' lang='lat' dir='ltr'><strong>fratre</strong></span> 
     </span>
     <span class='ocr_line' id='line_1_34' title="bbox 160 3045 1122 3121; baseline 0.002 -19"><span class='ocrx_word' id='word_1_253' title='bbox 160 3045 286 3120; x_wconf 85' lang='lat' dir='ltr'><strong>Magone</strong></span> <span class='ocrx_word' id='word_1_254' title='bbox 300 3045 399 3103; x_wconf 86' lang='lat' dir='ltr'><strong>tenuit.</strong></span> <span class='ocrx_word' id='word_1_255' title='bbox 442 3045 499 3116; x_wconf 84' lang='lat' dir='ltr'><strong>Sol,</strong></span> <span class='ocrx_word' id='word_1_256' title='bbox 515 3064 564 3101; x_wconf 89' lang='lat' dir='ltr'><strong>seu</strong></span> <span class='ocrx_word' id='word_1_257' title='bbox 579 3046 615 3102; x_wconf 91' lang='lat' dir='ltr'><strong>de</strong></span> <span class='ocrx_word' id='word_1_258' title='bbox 630 3047 767 3103; x_wconf 72' lang='lat' dir='ltr'><strong>industrii</strong></span> <span class='ocrx_word' id='word_1_259' title='bbox 792 3047 831 3104; x_wconf 89' lang='grc' dir='ltr'><strong>ιιι</strong></span> <span class='ocrx_word' id='word_1_260' title='bbox 853 3047 962 3114; x_wconf 88' lang='lat' dir='ltr'><strong>locatis,</strong></span> <span class='ocrx_word' id='word_1_261' title='bbox 977 3067 1028 3104; x_wconf 88' lang='lat' dir='ltr'><strong>seu</strong></span> <span class='ocrx_word' id='word_1_262' title='bbox 1047 3045 1122 3121; x_wconf 84' lang='lat' dir='ltr'><strong>qudd</strong></span> 
     </span>
     <span class='ocr_line' id='line_1_35' title="bbox 160 3123 1121 3200; baseline 0.003 -21"><span class='ocrx_word' id='word_1_263' title='bbox 160 3123 231 3179; x_wconf 89' lang='lat' dir='ltr'><strong>sorte</strong></span> <span class='ocrx_word' id='word_1_264' title='bbox 254 3124 293 3180; x_wconf 92' lang='lat' dir='ltr'><strong>ita</strong></span> <span class='ocrx_word' id='word_1_265' title='bbox 315 3133 431 3191; x_wconf 88' lang='lat' dir='ltr'><strong>starent,</strong></span> <span class='ocrx_word' id='word_1_266' title='bbox 455 3127 660 3199; x_wconf 76' lang='lat' dir='ltr'><strong>peropportune</strong></span> <span class='ocrx_word' id='word_1_267' title='bbox 682 3123 796 3199; x_wconf 81' lang='lat' dir='ltr'><strong>utrique·</strong></span> <span class='ocrx_word' id='word_1_268' title='bbox 815 3125 887 3199; x_wconf 91' lang='lat' dir='ltr'><strong>parti</strong></span> <span class='ocrx_word' id='word_1_269' title='bbox 901 3125 1032 3200; x_wconf 87' lang='lat' dir='ltr'><strong>obliquus</strong></span> <span class='ocrx_word' id='word_1_270' title='bbox 1052 3135 1121 3196; x_wconf 89' lang='lat' dir='ltr'><strong>erat,</strong></span> 
     </span>
     <span class='ocr_line' id='line_1_36' title="bbox 160 3201 1158 3276; baseline 0.006 -18"><span class='ocrx_word' id='word_1_271' title='bbox 160 3201 301 3258; x_wconf 86' lang='lat' dir='ltr'><strong>Romanis</strong></span> <span class='ocrx_word' id='word_1_272' title='bbox 329 3201 358 3258; x_wconf 96' lang='lat' dir='ltr'><strong>in</strong></span> <span class='ocrx_word' id='word_1_273' title='bbox 392 3203 548 3272; x_wconf 86' lang='lat' dir='ltr'><strong>meridiem,</strong></span> <span class='ocrx_word' id='word_1_274' title='bbox 578 3202 675 3259; x_wconf 86' lang='lat' dir='ltr'><strong>Poenis</strong></span> <span class='ocrx_word' id='word_1_275' title='bbox 703 3203 733 3258; x_wconf 92' lang='lat' dir='ltr'><strong>in</strong></span> <span class='ocrx_word' id='word_1_276' title='bbox 763 3203 993 3276; x_wconf 90' lang='lat' dir='ltr'><strong>septemtrionem</strong></span> <span class='ocrx_word' id='word_1_277' title='bbox 1026 3203 1158 3264; x_wconf 71' lang='lat' dir='ltr'><strong>versiaco</strong></span> 
     </span>
     <span class='ocr_line' id='line_1_37' title="bbox 159 3249 1124 3356; baseline 0.001 -19"><span class='ocrx_word' id='word_1_278' title='bbox 159 3279 271 3337; x_wconf 90' lang='lat' dir='ltr'><strong>Ventus</strong></span> <span class='ocrx_word' id='word_1_279' title='bbox 286 3277 473 3356; x_wconf 86' lang='lat' dir='ltr'><strong>(Vulturnum</strong></span> <span class='ocrx_word' id='word_1_280' title='bbox 493 3249 593 3338; x_wconf 81' lang='lat' dir='ltr'><strong>incblae</strong></span> <span class='ocrx_word' id='word_1_281' title='bbox 614 3281 739 3356; x_wconf 87' lang='lat' dir='ltr'><strong>regionis</strong></span> <span class='ocrx_word' id='word_1_282' title='bbox 758 3292 886 3347; x_wconf 88' lang='lat' dir='ltr'><strong>vocant,</strong></span> <span class='ocrx_word' id='word_1_283' title='bbox 908 3281 1043 3338; x_wconf 84' lang='lat' dir='ltr'><strong>adversus</strong></span> <span class='ocrx_word' id='word_1_284' title='bbox 1064 3281 1124 3338; x_wconf 86' lang='lat' dir='ltr'><strong>Ro·</strong></span> 
     </span>
     <span class='ocr_line' id='line_1_38' title="bbox 160 3322 1124 3446; baseline -0.001 -30"><span class='ocrx_word' id='word_1_285' title='bbox 160 3359 253 3416; x_wconf 85' lang='lat' dir='ltr'><strong>manis</strong></span> <span class='ocrx_word' id='word_1_286' title='bbox 266 3369 388 3429; x_wconf 89' lang='lat' dir='ltr'><strong>coortus,</strong></span> <span class='ocrx_word' id='word_1_287' title='bbox 403 3359 492 3416; x_wconf 90' lang='lat' dir='ltr'><strong>multo</strong></span> <span class='ocrx_word' id='word_1_288' title='bbox 504 3359 662 3446; x_wconf 86' lang='lat' dir='ltr'><strong>pulverem</strong></span> <span class='ocrx_word' id='word_1_289' title='bbox 683 3359 744 3433; x_wconf 85' lang='lat' dir='ltr'><strong>ipsa</strong></span> <span class='ocrx_word' id='word_1_290' title='bbox 766 3377 816 3416; x_wconf 88' lang='lat' dir='ltr'><strong>ora</strong></span> <span class='ocrx_word' id='word_1_291' title='bbox 830 3322 976 3426; x_wconf 75' lang='lat' dir='ltr'><strong>volendo,</strong></span> <span class='ocrx_word' id='word_1_292' title='bbox 991 3377 1124 3434; x_wconf 88' lang='lat' dir='ltr'><strong>prospec-</strong></span> 
     </span>
     <span class='ocr_line' id='line_1_39' title="bbox 160 3437 349 3494; baseline 0 0"><span class='ocrx_word' id='word_1_293' title='bbox 160 3447 221 3494; x_wconf 90' lang='lat' dir='ltr'><strong>tum</strong></span> <span class='ocrx_word' id='word_1_294' title='bbox 235 3437 349 3494; x_wconf 88' lang='lat' dir='ltr'><strong>ademit.</strong></span> 
     </span>
    </p>
   </div>
   <div class='ocr_carea' id='block_1_4' title="bbox 160 3593 1158 3748">
    <p class='ocr_par' dir='ltr' id='par_1_5' title="bbox 160 3593 1158 3748">
     <span class='ocr_line' id='line_1_40' title="bbox 201 3593 1123 3670; baseline 0.002 -20"><span class='ocrx_word' id='word_1_295' title='bbox 201 3593 326 3651; x_wconf 87' lang='lat' dir='ltr'><strong>XLVII.</strong></span> <span class='ocrx_word' id='word_1_296' title='bbox 361 3595 492 3652; x_wconf 89' lang='lat' dir='ltr'><strong>Clamore</strong></span> <span class='ocrx_word' id='word_1_297' title='bbox 507 3595 626 3667; x_wconf 87' lang='lat' dir='ltr'><strong>sublato,</strong></span> <span class='ocrx_word' id='word_1_298' title='bbox 641 3613 807 3669; x_wconf 87' lang='lat' dir='ltr'><strong>procursum</strong></span> <span class='ocrx_word' id='word_1_299' title='bbox 822 3594 859 3651; x_wconf 89' lang='lat' dir='ltr'><strong>ab</strong></span> <span class='ocrx_word' id='word_1_300' title='bbox 874 3595 996 3668; x_wconf 84' lang='lat' dir='ltr'><strong>auxiliis,</strong></span> <span class='ocrx_word' id='word_1_301' title='bbox 1011 3605 1040 3652; x_wconf 89' lang='lat' dir='ltr'><strong>et</strong></span> <span class='ocrx_word' id='word_1_302' title='bbox 1053 3613 1123 3670; x_wconf 88' lang='lat' dir='ltr'><strong>pug-</strong></span> 
     </span>
     <span class='ocr_line' id='line_1_41' title="bbox 160 3672 1158 3748; baseline -0.002 -18"><span class='ocrx_word' id='word_1_303' title='bbox 160 3691 199 3730; x_wconf 91' lang='lat' dir='ltr'><strong>na</strong></span> <span class='ocrx_word' id='word_1_304' title='bbox 211 3673 320 3728; x_wconf 85' lang='lat' dir='ltr'><strong>levibus</strong></span> <span class='ocrx_word' id='word_1_305' title='bbox 329 3673 459 3748; x_wconf 74' lang='lat' dir='ltr'><strong>primum</strong></span> <span class='ocrx_word' id='word_1_306' title='bbox 474 3674 558 3730; x_wconf 88' lang='lat' dir='ltr'><strong>armis</strong></span> <span class='ocrx_word' id='word_1_307' title='bbox 572 3673 739 3728; x_wconf 87' lang='lat' dir='ltr'><strong>commissa:</strong></span> <span class='ocrx_word' id='word_1_308' title='bbox 761 3673 865 3728; x_wconf 89' lang='lat' dir='ltr'><strong>deinde</strong></span> <span class='ocrx_word' id='word_1_309' title='bbox 880 3674 1007 3746; x_wconf 88' lang='lat' dir='ltr'><strong>equiturn</strong></span> <span class='ocrx_word' id='word_1_310' title='bbox 1026 3672 1121 3730; x_wconf 90' lang='lat' dir='ltr'><strong>Gallo-</strong></span> <span class='ocrx_word' id='word_1_311' title='bbox 1131 3694 1158 3735; x_wconf 75' lang='grc' dir='ltr'><strong>ιι</strong></span> 
     </span>
    </p>
   </div>
   <div class='ocr_carea' id='block_1_5' title="bbox 69 3751 1122 3824">
    <p class='ocr_par' dir='ltr' id='par_1_6' title="bbox 69 3751 1122 3824">
     <span class='ocr_line' id='line_1_42' title="bbox 69 3751 1122 3824; baseline -0.002 -16"><span class='ocrx_word' id='word_1_312' title='bbox 69 3777 71 3781; x_wconf 96' lang='grc'><strong><em>·</em></strong></span> <span class='ocrx_word' id='word_1_313' title='bbox 160 3768 224 3808; x_wconf 84' lang='lat' dir='ltr'><strong>rum</strong></span> <span class='ocrx_word' id='word_1_314' title='bbox 245 3751 492 3824; x_wconf 85' lang='lat' dir='ltr'><strong>Hispanorumque</strong></span> <span class='ocrx_word' id='word_1_315' title='bbox 523 3751 624 3806; x_wconf 83' lang='lat' dir='ltr'><strong>laevum</strong></span> <span class='ocrx_word' id='word_1_316' title='bbox 653 3767 742 3806; x_wconf 91' lang='lat' dir='ltr'><strong>cornu</strong></span> <span class='ocrx_word' id='word_1_317' title='bbox 773 3769 838 3806; x_wconf 90' lang='lat' dir='ltr'><strong>cum</strong></span> <span class='ocrx_word' id='word_1_318' title='bbox 866 3751 966 3807; x_wconf 87' lang='lat' dir='ltr'><strong>dextro</strong></span> <span class='ocrx_word' id='word_1_319' title='bbox 987 3751 1122 3807; x_wconf 86' lang='lat' dir='ltr'><strong>Romano</strong></span> 
     </span>
    </p>
   </div>
   <div class='ocr_carea' id='block_1_6' title="bbox 0 0 1315 4220">
    <p class='ocr_par' dir='ltr' id='par_1_7' title="bbox 0 0 1315 4220">
     <span class='ocr_line' id='line_1_43' title="bbox 0 0 1315 4220; baseline 0 0"><span class='ocrx_word' id='word_1_320' title='bbox 0 0 1315 4220; x_wconf 95' lang='lat' dir='ltr'><strong> </strong></span> 
     </span>
    </p>
   </div>
  </div>
 </body>
</html>
