2620 4220
169 351 230 414 262
583 349 653 403 'rm
668 352 753 404 Lrvrt

170 496 190 530 “
201 496 379 565 reducerent,
399 494 435 552 ad
455 513 522 552 eum
542 495 681 570 privatum
702 515 738 554 ex
758 495 823 552 rillai
843 497 894 552 sud
914 497 1137 571 extrahendum,

170 574 237 628 “ed
257 591 374 630 eausam
394 574 558 646 dicendum,
572 573 683 632 mittere
701 593 758 630 non
779 575 965 636 audeamus.''
1005 575 1137 634 Tribuni

169 651 270 726 plebis,
285 651 417 726 appellati
431 652 467 708 ab
481 651 515 708 L.
531 652 676 726 Scipione,
692 653 732 710 ita
744 653 942 719 decreverunt,
963 655 1027 710 “Si
1041 652 1135 712 morbi

171 731 189 764 “
201 732 288 786 cause
301 740 494 799 excusaretur,
509 731 563 786 sibi
577 730 704 804 placere,
714 730 806 804 accipi
819 749 883 788 enm
898 750 1023 800 caumm,
1044 733 1125 790 diem

169 808 188 841 “
199 825 254 881 que
268 826 286 863 a
298 809 416 884 collegis
429 776 567 883 prodicil'
608 808 757 865 Tribunus
773 809 864 897 plebis
887 829 922 865 eo
943 819 1071 883 tempore
1085 811 1137 868 Ti.
1158 825 1174 863 ⁵

171 885 356 960 Sempronius
369 887 519 944 Gracchus
532 897 601 955 erat,
615 887 663 943 cui
684 886 840 944 inimicitiae
860 906 927 944 cunr
949 887 980 943 Ρ
996 889 1137 962 Scipione

169 961 404 1024 intercedebant:
436 965 470 1036 is,
483 983 570 1053 quum
585 964 719 1021 vetuisset
732 983 836 1022 nomen
850 983 933 1032 suum
948 966 1064 1022 decreto
1077 967 1124 1024 eol

170 1039 297 1116 legarurn
317 1043 450 1110 adscribi,
472 1042 678 1116 tristioremque
696 1061 796 1098 ornnes
819 1043 990 1100 sententiam
1014 1062 1138 1117 exspec-

170 1128 272 1192 tarent,
294 1121 334 1177 ita
353 1121 498 1178 decrerit:
540 1123 558 1156 “
570 1119 671 1180 Quum
695 1119 729 1178 L.
744 1119 843 1194 Scipio
862 1131 981 1178 excuset
1003 1123 1136 1180 morbum

170 1197 263 1256 “esse
277 1217 370 1256 cause
392 1199 480 1270 fratri,
499 1199 567 1256 satis
587 1198 617 1254 id
639 1198 696 1254 sibi
716 1198 813 1254 rideri.
855 1199 895 1254 Se
910 1199 940 1254 P.
956 1199 1136 1273 Scipionem,
1148 1213 1174 1252 ιο

169 1277 188 1310 “
200 1277 363 1352 priusquam
377 1277 501 1335 Romam
515 1276 644 1347 redisset,
658 1277 787 1334 accusari
801 1295 858 1334 non
872 1295 1041 1350 passurum:
1073 1289 1137 1334 turn

170 1355 321 1430 “quoque,
342 1356 367 1412 si
387 1374 419 1412 se
439 1355 570 1430 appellet,
591 1354 696 1412 auxillo
725 1353 753 1412 ei
781 1354 922 1420 futurum,
949 1373 986 1410 ne
1014 1373 1136 1412 causam

170 1433 189 1468 “
200 1435 287 1492 dieat.
327 1435 376 1490 Ad
389 1434 419 1490 id
433 1433 576 1508 fastigium
590 1432 676 1488 rebus
688 1432 784 1507 gestis,
799 1432 953 1488 honoribus
964 1433 1060 1506 populi
1074 1433 1137 1490 Ro·

170 1511 190 1546 “
201 1512 288 1582 mani,
313 1511 345 1568 Ρ.
361 1511 526 1586 Scipionem
539 1511 665 1568 Deorum
690 1510 893 1584 hominumque
907 1528 1050 1566 consensu
1071 1530 1137 1585 per·

170 1591 189 1624 “
200 1590 322 1656 venisse,
343 1599 374 1646 ut
387 1590 441 1645 sub
454 1589 567 1646 Rostris
581 1607 661 1644 reum
675 1598 758 1658 stare,
772 1598 802 1644 et
822 1588 949 1661 praebere
962 1607 1045 1644 aures
1066 1589 1174 1646 ado-1⁵

169 1667 369 1723 “lescentium
397 1667 544 1738 conviciis,
572 1665 676 1740 populo
705 1667 838 1723 Romano
871 1665 963 1741 magis
994 1665 1135 1738 deforme,

169 1747 188 1780 ‘⁴
199 1743 284 1819 quim
299 1744 362 1820 ipsi
376 1745 443 1802 sit.'’
520 1813 528 1824 ·
769 1763 772 1770 ’

209 1901 293 1958 LIII.
315 1901 431 1978 Adjeoit
444 1901 560 1958 decreto
573 1899 816 1974 indignationem:
837 1903 856 1934 “
869 1898 930 1956 Sub
943 1897 1064 1973 pedibus
1074 1918 1138 1957 ves·

169 1983 188 2016 “
201 1981 252 2038 tris
273 1979 368 2051 stabit,
395 1979 511 2044 tribuni,
537 1978 657 2034 domitor
677 1977 725 2032 ille
749 1976 867 2044 Asrieae,
889 1977 1012 2050 Scipiol
1063 1963 1138 2035 Ideo

168 2062 187 2096 ‘⁴
200 2069 319 2132 quatuor
345 2056 535 2112 nobilissimos
550 2056 644 2110 duces
664 2053 851 2110 Poenorurn
844 2073 873 2110 m
896 2054 1046 2127 Hispania,
1067 2073 1138 2128 qua·
1125 2069 1175 2107 -so

168 2141 263 2192 “tuor
290 2133 432 2190 exercitus
459 2133 532 2190 ludit
560 2131 741 2207 fugeritque3
775 2124 840 2188 ideo
865 2132 1026 2206 Syphacem
1047 2132 1137 2206 cepit,

168 2218 188 2252 ‘⁴
201 2212 396 2270 Hannibalern
409 2211 515 2266 devicit
518 2209 743 2298 ,Carthaginem
764 2209 933 2284 vectigalem
955 2209 1036 2265 nobis
1056 2209 1136 2276 fecit,

169 2297 188 2330 ‘⁴
202 2289 378 2346 Antiochum
394 2287 516 2362 (recepit
529 2288 605 2344 enim
623 2287 739 2342 fratrem
756 2300 916 2344 consortem
939 2287 1024 2361 lruJ‘us
1036 2287 1136 2361 gloriae

170 2366 233 2422 “L.
257 2366 369 2440 Scipio)
394 2365 466 2420 ultra
489 2364 611 2420 Tauri
601 2384 672 2439 Juga
694 2365 807 2435 emovit,
833 2375 864 2421 ut
884 2365 994 2423 duobus
1015 2363 1138 2422 Petilliis

169 2452 189 2486 ‘⁴
200 2442 410 2508 succumberet,
426 2460 475 2498 vos
488 2443 524 2498 de
540 2441 570 2497 Ρ
583 2442 721 2499 Africano
735 2409 857 2519 palniam
868 2443 1020 2518 peteretisl
1061 2442 1091 2499 N
1094 2443 1136 2500 ul
1145 2457 1176 2498 ss

169 2530 188 2564 ‘⁴
199 2521 272 2577 lisne
287 2519 395 2576 meritis
407 2519 475 2590 suis,
489 2519 575 2576 nullis
591 2521 691 2576 vestris
714 2521 878 2588 honoribus,
902 2539 1025 2594 unquam
1040 2521 1070 2576 in
1091 2540 1137 2578 ar-

169 2610 188 2644 ‘⁴
202 2617 266 2656 cem
280 2609 413 2654 tutemet
427 2598 503 2655 velut
516 2608 643 2654 sanctam
666 2599 735 2654 clari
756 2599 807 2655 viri
822 2598 1006 2673 pervenient;
1035 2599 1133 2673 ubi,
1110 2619 1138 2656 sr

169 2689 188 2722 ‘⁴
200 2697 257 2736 non
282 2676 460 2747 venerabilis,
488 2675 621 2732 inviolata
643 2676 753 2744 saltem,
777 2687 910 2733 senectus
928 2695 1025 2733 eorum
1040 2677 1136 2733 oonsi-

169 2767 188 2800 ⁴⁴
200 2757 249 2812 dat
261 2757 272 2810 l
282 2755 300 2782 ”
342 2754 430 2810 Movit
443 2765 472 2810 et
485 2755 641 2824 decretum,
656 2764 685 2810 et
699 2755 811 2830 adjecta
823 2754 922 2824 oratio,
944 2773 1000 2810 non
1015 2765 1135 2812 caeteros

169 2833 262 2900 modd,
278 2832 328 2889 sed
343 2832 418 2906 ipsos
431 2833 517 2888 etiam
532 2842 728 2888 accusatores:
743 2842 781 2904 et,
789 2833 997 2888 deliberaturos
1010 2851 1041 2888 se
1044 2833 1134 2906 ,quid
1145 2847 1175 2888 nu

172 2912 301 2988 suijuris
314 2921 344 2966 et
361 2909 447 2966 officii
461 2919 546 2976 esset,
561 2910 701 2968 dixerunt.
743 2878 867 2968 Stinatus
881 2910 995 2980 deinde,
1010 2877 1135 2968 coircilio

168 2991 260 3068 plebis
283 2988 410 3059 dimisso,
434 2987 532 3044 haberi
554 2999 597 3044 est
618 2999 738 3062 comptus
780 2989 824 3044 Ibi
839 2989 937 3064 gratie
952 2988 1082 3063 ingentes
1097 2989 1135 3046 ab

168 3069 301 3126 universo
328 3033 439 3133 ordirie,
464 3065 606 3141 precipue
635 3085 653 3122 a
680 3066 877 3127 consularibus
906 3066 1133 3156 senioribusque,

169 3147 218 3202 Ti.
233 3145 366 3202 Graccho
377 3156 448 3201 actae
461 3153 528 3201 sunt
531 3143 626 3218 ,qudd
650 3145 856 3219 rempublicam
880 3143 1136 3234 privatissimulta-

169 3224 245 3282 tibus
270 3221 407 3297 potiorem
430 3223 593 3279 habuisset.
629 3233 658 3279 et
681 3223 785 3280 Petillii
808 3223 898 3279 vexati
923 3232 990 3278 sunt
1012 3223 1133 3296 probris,
1145 3236 1176 3276 as

169 3300 243 3392 qudd
258 3299 407 3375 splendere
421 3301 513 3356 aliena
534 3300 639 3357 invidit
661 3301 824 3372 voluissent,
847 3311 877 3358 et
900 3292 988 3375 spolia
1002 3319 1037 3356 ex
1056 3300 1135 3358 Atri-

170 3400 236 3438 cem
229 3377 394 3452 triumpho
408 3389 547 3452 peterent.
583 3379 735 3436 Silentium
750 3347 855 3436 deinde
869 3379 905 3435 de
915 3377 1066 3434 Africano
1070 3378 1133 3436 suit.

170 3458 267 3515 Vitam
282 3455 392 3512 Literni
406 3455 473 3530 egit
478 3456 540 3512 sine
555 3457 696 3513 desiderio
709 3456 814 3514 Urbis:
835 3456 1005 3514 morientem
1018 3475 1083 3512 rure
1097 3476 1134 3514 eo

169 3535 231 3612 ipso
257 3535 321 3592 loco
341 3533 454 3608 sepeliri
475 3551 505 3588 se
534 3534 651 3608 jussisse
673 3535 776 3602 ferunt,
798 3545 1070 3608 monumentumque
1092 3534 1133 3592 ibi

171 3613 316 3684 aedificari,
337 3631 374 3668 ne
396 3611 481 3668 sunus
501 3611 583 3668 sibi
576 3632 605 3673 ιιι
628 3613 739 3708 ipgrata
759 3613 848 3687 patria
870 3613 959 3670 lieret.
1001 3612 1053 3668 Vir
1073 3631 1135 3669 rne-
1145 3627 1176 3668 ao

170 3657 333 3747 morabilis’.
354 3689 465 3745 bellicis
478 3699 584 3756 tamen,
599 3689 683 3764 quiam
699 3692 787 3765 pacis,
802 3691 919 3750 artibus·
916 3687 1135 3748 memorabilior

170 3767 261 3842 prima
274 3787 339 3843 pars
353 3768 427 3836 ritae,
438 3766 522 3840 quaim
536 3777 686 3842 postrema,
699 3769 770 3838 luit;
800 3769 867 3842 quia
881 3769 910 3824 irr
922 3769 1041 3846 juventii
1058 3769 1136 3826 bella
