2632 4224
152 337 193 396 36
546 339 616 390 Tm
632 341 716 391 LlVll

152 477 361 536 “certisse.'''
389 479 462 536 Haeo
488 497 554 538 eum
575 483 656 538 haud·
671 481 741 539 falsa
766 491 969 540 memorantem
994 482 1138 558 ingenti?

152 573 293 612 consensu
313 557 432 632 populus
456 557 605 618 Romanus
631 577 750 635 regnare
762 559 852 634 jussit.
869 627 870 632 ἵ
906 559 984 636 Ergo
1003 561 1131 634 virum,'t²

83 703 84 708 ἵ
151 636 421 710 ceteraegregium
436 638 544 704 secuta,
558 655 642 710 quam
656 639 686 694 in
710 637 832 712 petendo
852 637 997 707 habuerat,
1019 633 1140 718 etiami}

96 769 108 778 ,
150 722 316 784 regnantem
331 713 447 770 ambitio
460 725 521 771 est:
542 733 597 772 nec
606 713 700 772 mimis
714 715 794 790 regni
808 715 852 770 sui
866 713 1007 781 firmandi,¹
1019 715 1103 790 quim
1118 769 1132 796 μ

152 790 289 862 sugendae
303 791 475 864 reipublice,
487 853 488 856 Ἴ
500 809 617 863 memor,
638 803 753 848 centum
775 792 805 848 in
830 791 927 851 Patres
941 793 1024 867 legit;
1056 794 1103 868 qui
1119 801 1132 873 ᾗ

151 866 254 922 deinde
268 869 402 924 minorum
413 871 539 942 gentium
561 880 627 926 sunt
647 869 793 944 appellati3
822 870 908 927 factio
929 871 1003 926 haud
1018 872 1138 934 dubiae
1230 931 1233 938 ,

150 944 235 1017 regis,
250 945 331 1019 cujus
346 946 485 1002 beneficio
498 947 528 1002 in
542 946 651 1003 curiam
671 958 817 1004 venerant„
858 942 972 1004 Bellum.
981 935 1138 1022 primurn&

150 1039 214 1076 cnm
230 1021 339 1080 Latinis
352 1023 448 1096 gessit,
462 1035 491 1079 et
509 1025 643 1098 oppidum
658 1024 697 1080 ibi
712 1023 828 1098 Apiolas
841 1025 868 1080 vi
882 1025 975 1098 cepit:
996 1025 1104 1099 praedri·

149 1117 204 1170 quc
225 1099 291 1156 inde
312 1101 427 1174 majore,
441 1099 526 1174 qulam
547 1112 652 1174 quanta
676 1101 741 1158 belli
763 1102 838 1160 saura
858 1101 1102 1174 lueraurevectti,

149 1175 230 1232 ludos
249 1175 408 1250 opulentius
431 1179 663 1256 instructiusque,
682 1179 767 1253 quirin
787 1179 894 1254 priores
913 1197 1004 1254 reges,
1026 1181 1137 1237 fecium

150 1252 227 1308 Tum
242 1253 361 1328 primum
375 1255 462 1322 circo,
477 1257 523 1330 qui
538 1276 616 1313 nunc
641 1257 785 1332 Maximus
805 1257 918 1323 dicitur,
939 1258 1105 1332 designatus

148 1329 228 1388 locus
241 1343 300 1388 est:
320 1331 384 1388 loca
397 1333 485 1390 divisa
498 1333 628 1390 Patribus
648 1334 854 1408 equitibusque,
878 1334 927 1390 ubi
941 1336 1103 1408 spectacula

149 1409 202 1464 sibi
222 1409 338 1484 quisque
365 1401 510 1479 facerent}
532 1410 601 1486 fori
621 1411 760 1486 appellati.
784 1413 988 1485 tSpactevere,
1015 1411 1114 1474 sureis‘

149 1485 295 1544 duodeir‘os
308 1487 343 1542 ab
357 1488 432 1544 terra
443 1489 606 1564 spectacula
623 1489 680 1546 alta
688 1489 895 1550 sustinentibus
909 1489 1004 1564 pedes.
1045 1487 1102 1546 Lu-

149 1563 258 1620 dicrum
274 1564 326 1620 luit
338 1566 403 1638 equi
417 1566 592 1640 pugilesque,
606 1585 642 1622 ex
655 1567 770 1624 Etrurii
781 1566 1009 1624 maximesaciu.
1051 1568 1101 1624 So·
1111 1583 1135 1622 15

148 1639 247 1696 lennes
261 1642 364 1704 deinde
379 1645 467 1700 annui
481 1642 611 1702 mansere
624 1645 694 1714 ludi,
709 1643 834 1702 Romani
856 1643 1011 1719 Magnique
1027 1645 1100 1704 varie
1152 1642 1166 1663 “

148 1719 287 1792 appellati.
330 1721 376 1779 Ab
389 1722 488 1778 eodem
503 1741 533 1778 re
553 1737 612 1778 eet
625 1722 703 1778 circa
723 1721 813 1780 forum
827 1721 941 1796 privetis
961 1721 1102 1784 aedilioau·

148 1797 184 1852 da
197 1797 286 1855 divisa
299 1809 365 1854 sunt
377 1799 441 1856 loca
449 1817 456 1868 ;
477 1811 539 1874 port
556 1801 601 1856 'us
615 1798 793 1874 tubernaeque
807 1799 897 1856 fecte.
982 1832 984 1838 ι

187 1951 331 2010 XXXVI.
353 1953 439 2012 ltluro
451 1974 560 2030 quoque
580 1956 691 2030 lapideo
712 1955 888 2016 circumdare
902 1955 1003 2014 urbem
1021 1973 1101 2030 para-

148 2029 203 2095 bat,
224 2049 310 2103 quum
325 2032 462 2090 Sabinum
484 2034 588 2090 bellum
603 2033 703 2110 creptis
715 2033 875 2090 intervenit.
917 2031 1053 2106 Adeoque
1067 2049 1135 2090 eaeo

116 2121 119 2126 ·
147 2107 240 2164 subite
254 2127 299 2165 res
313 2107 374 2182 suit,
394 2123 425 2168 ut
446 2112 528 2186 pride
551 2111 695 2168 Anienem
719 2111 871 2169 transirent
891 2111 995 2187 hostes,
1015 2109 1100 2186 quim
1162 2177 1165 2184 .

147 2185 256 2241 obviam
271 2187 311 2242 ire
326 2206 359 2244 ac
374 2189 521 2262 prohibere
539 2189 681 2246 exercitus
695 2189 844 2248 Romanus
857 2198 960 2263 posset.
1001 2187 1101 2262 Itaque

146 2263 314 2335 trepidatum
342 2265 443 2321 Romae
470 2278 531 2322 est:
565 2277 594 2322 et
623 2264 712 2341 primo
736 2267 823 2323 dubie
850 2265 975 2334 victorii,
996 2265 1102 2340 magnii

146 2340 286 2414 utrimque
301 2343 388 2409 crede,
407 2355 564 2418 pugnatum
578 2354 628 2400 esc
670 2343 812 2402 Reductis
835 2343 939 2401 deinde
959 2347 989 2402 in
1010 2355 1102 2400 castra

147 2418 267 2474 hostium
293 2419 391 2493 copiis,
411 2421 531 2495 datoque
552 2422 641 2496 spatio
661 2421 801 2492 Romanis
820 2421 859 2476 ad
879 2421 1135 2493 comparandumes

147 2495 182 2550 de
196 2496 307 2572 integro
323 2497 435 2565 bellum,
450 2497 633 2573 Tarquinius,
648 2499 771 2572 equitem
786 2497 907 2556 maxime
929 2497 988 2554 suis
1001 2497 1100 2554 deesse

147 2573 252 2630 viribus
273 2577 415 2641 ratus‚,ad
443 2577 581 2646 Ramnes,
603 2577 759 2646 Titienses,
781 2576 916 2645 Luceres,
944 2593 1014 2650 quas
1034 2593 1102 2630 cen·

147 2651 233 2706 turias
257 2651 399 2710 Romulus
418 2654 576 2728 scripserat,
598 2655 702 2710 addere
723 2654 791 2710 alios
812 2652 966 2722 constituit,
995 2671 1124 2726 suoque·

147 2727 273 2802 insigues
287 2731 445 2806 relinquere
466 2733 590 2800 nomine.
632 2731 666 2788 Id
687 2731 753 2804 quia
772 2728 941 2805 inaugurate
953 2729 1100 2803 Romulus

147 2805 261 2874 fecerat,
276 2827 380 2882 negare
395 2810 480 2866 Attus
494 2810 613 2881 Navius,
638 2809 759 2882 inclytus
773 2809 808 2864 ela
821 2817 986 2882 tempestate
1000 2825 1099 2882 augur,
1109 2830 1135 2872 no
1145 2852 1161 2879 ,

146 2902 237 2958 neque
252 2887 465 2960 mutamusque
486 2907 588 2946 novum
603 2887 746 2953 constitui,
768 2885 823 2942 nisi
838 2905 903 2942 aves
917 2885 1099 2957 addixissent,

146 2980 236 3034 posse.
258 2963 321 3036 ‚Ex
335 2983 369 3022 eo
383 2964 424 3022 ire
437 2965 497 3039 regi
512 2977 603 3032 mote3
625 2963 798 3038 eludensque
812 2975 910 3036 artem,
935 2962 980 3038 (ut
993 2963 1099 3040 lerunt)

146 3045 164 3072 “
177 3040 341 3116 Agedum,’'
353 3043 453 3116 inquit,
467 3043 591 3100 “divine
604 3053 643 3114 tu,
652 3041 799 3116 inaugura,
812 3041 910 3100 fierine
921 3041 1017 3116 possit,
1026 3041 1101 3114 quod

146 3120 165 3151 “
177 3137 255 3174 nunc
268 3138 322 3194 ego
335 3133 429 3178 urente
453 3121 610 3194 concipio.”
651 3119 751 3180 Quum
776 3119 833 3185 ille,
856 3119 885 3174 in
910 3119 1028 3192 augurio
1040 3137 1101 3174 rem

147 3209 287 3270 expertus,
314 3197 438 3272 prolectd
467 3199 589 3255 suturam
617 3198 751 3266 dixisset;
792 3196 911 3270 “Atqui
932 3196 986 3252 hoc
1006 3195 1139 3258 animoso.

147 3277 165 3308 “
177 3275 307 3348 agitavi,'’
322 3276 422 3350 inquit,
444 3279 500 3333 “te
521 3277 659 3332 novacula
678 3285 771 3332 cotem
786 3275 981 3332 discissarum.
1023 3275 1102 3349 Cape

147 3355 165 3387 “
178 3353 249 3419 haec,
271 3363 299 3408 et
322 3372 435 3428 perage,
459 3355 539 3428 quod
554 3373 620 3413 aves
640 3364 695 3410 tuae
717 3353 777 3410 fieri
797 3372 879 3428 posse
900 3352 1102 3428 portendunt.”

147 3431 224 3488 'l'um
239 3431 318 3488 illum
333 3433 406 3489 lreud
425 3443 594 3490 cunctanter
619 3432 766 3490 discidisse
781 3442 873 3488 cotem
895 3431 999 3486 ferunt.
1040 3431 1103 3486 Sta·

146 3519 195 3566 tun
209 3509 269 3566 Atti
283 3509 376 3584 capite
390 3511 488 3583 velati),
500 3529 555 3584 quo
569 3510 598 3565 in
613 3509 676 3566 loco
686 3522 809 3566 resecta
822 3520 874 3574 est,
889 3509 919 3564 in
933 3507 1057 3583 comitio,
1072 3507 1102 3562 in

146 3589 280 3663 gradibus
294 3588 370 3662 ipsis,
385 3590 420 3649 ad
434 3589 531 3646 laevam
543 3587 630 3645 cnriae
651 3587 722 3646 suit:
757 3597 848 3644 cotem
869 3603 980 3722 quoque
1001 3585 1100 3642 eodem
1111 3605 1137 3646 to

146 3667 209 3724 loco
227 3667 308 3724 sitam
334 3667 419 3724 luisse
443 3677 608 3735 memorant,
631 3677 661 3722 ut
681 3677 757 3722 esset
770 3667 806 3723 ad
826 3685 877 3740 pos
889 3663 951 3721 eros
973 3663 1102 3736 miraculi

147 3745 208 3820 ejus
222 3758 446 3804 monumentum.
489 3745 626 3820 Auguriis
639 3743 715 3800 certe
730 3743 942 3817 sacerdotioque
963 3759 1103 3817 augurum

373 3893 440 3978 illisi!
476 3901 543 3954 J''‘·'
594 3929 596 3936 ’
630 3920 638 3937 ³
684 3923 688 3931 “
715 3927 724 3958 t
752 3903 785 3923 Δ

436 3984 440 4008 l

429 4015 436 4041 Ι
