2630 4228
119 403 122 408 ,
163 343 220 404 15⁴
278 323 280 328 ’
512 367 514 372 -
569 344 640 394 rrrr
657 341 768 401 nrvu,

164 483 342 557 “sponsione
366 483 511 541 obstrinxi.
551 483 619 544 Qua
641 493 746 553 tamen,
767 483 880 557 quando
904 481 1011 555 injussu
1026 481 1121 554 populi

162 567 181 598 “
192 557 266 617 facta
280 576 332 632 est,
348 581 403 618 non
419 573 530 618 tenetur
545 562 663 635 populus
677 561 826 616 Romanus
838 579 845 628 ;
860 559 1074 630 necquidquam
1086 576 1123 614 ex

163 639 237 704 “eri,
265 652 449 712 praeterquam
485 657 600 712 corpora
636 649 730 693 nostra
763 637 902 692 debentur
937 635 1121 690 Samnitibus.

162 719 181 750 ‘⁸
192 713 338 770 Dedamur
352 733 402 790 per
417 715 531 772 feciales
545 715 613 770 nudi
630 714 790 786 vinctique:
820 711 1123 785 exsolvamus'religio·

174 796 229 846 ‘ne
243 792 386 865 populum,
401 793 423 846 si
438 795 490 866 quir
505 791 707 864 obligavimus;
736 789 852 863 nequid
868 789 955 844 divini
972 789 1122 843 humanive
1141 807 1158 844 e

162 873 181 904 “
192 869 293 934 obstet,
309 869 365 941 quir
379 867 472 924 mimis
493 869 600 942 justum
615 868 750 941 piumque
765 867 800 922 de
817 867 927 940 integro
942 865 1052 920 ineatur
1066 865 1124 920 bel·

162 945 260 1000 “lurn.
303 945 416 1001 Interea
436 945 569 1002 consules
582 945 738 1000 exercitum
760 944 894 1014 scribere,
916 961 1034 1011 armare,
1055 943 1124 997 edu·

164 1027 258 1078 “cere
273 1023 384 1098 placet3
418 1042 473 1078 nec
487 1023 563 1096 priris
577 1021 687 1096 ingredi
702 1022 823 1077 hostium
838 1021 919 1092 fines,
930 1020 1014 1092 quarn
1028 1019 1124 1076 omnia

152 1105 183 1160 ,⁶⁶
190 1099 266 1174 justa
279 1100 307 1156 in
322 1101 495 1156 deditionem
515 1111 637 1155 nostram
653 1097 778 1172 perlecta
791 1109 883 1155 erunt.
924 1097 994 1162 Vos,
1009 1096 1057 1153 Dii
1072 1097 1124 1153 im·
1159 1105 1163 1108 '

163 1182 181 1214 ‘⁶
193 1177 333 1243 mortales,
357 1195 455 1252 precor
475 1195 634 1250 quaesoque,
662 1177 685 1232 si
707 1177 785 1231 vobis
805 1195 861 1232 non
883 1175 935 1230 suit
956 1175 1044 1244 cordi,
1074 1176 1158 1248 Spin

163 1258 182 1290 ‘⁶
192 1253 378 1320 Postumium,
393 1254 430 1310 Τ.
447 1253 606 1319 Veturium,
620 1253 752 1310 consules
772 1272 838 1309 curn
859 1251 1034 1309 Samnitibus
1046 1271 1124 1327 pros-

162 1332 257 1404 “pere
275 1331 378 1388 bellurn
392 1348 510 1407 gerere;
542 1343 570 1388 at
585 1351 632 1388 ros
647 1331 715 1387 satis
729 1331 866 1402 babeatis²
888 1331 990 1386 vidisse
1006 1349 1057 1385 nos
1071 1330 1124 1385 sub

162 1407 290 1485 “jugum
307 1411 412 1477 missos,
437 1409 539 1464 vidisse
563 1408 713 1482 sponsione
738 1407 835 1464 inlami
859 1407 1008 1482 obligatos,
1028 1408 1124 1464 videre

162 1486 283 1541 “nudos
305 1487 468 1560 vinctosque
491 1486 617 1545 hostibus
637 1486 756 1555 deditos,
778 1505 892 1542 omnem
915 1487 983 1542 iram
1000 1486 1123 1542 hostium

162 1563 295 1618 “nostris
322 1564 462 1638 capitibus
490 1563 673 1638 excipientes.
715 1563 813 1620 Novos
837 1564 968 1620 consules
986 1563 1158 1637 legiones-15

162 1645 244 1711 “que
260 1639 407 1697 Romanas
422 1643 460 1697 ita
474 1661 540 1698 cum
566 1642 695 1697 Samnite
718 1657 818 1716 gerere
842 1642 947 1698 bellum
972 1641 1071 1711 velitis,
1093 1650 1124 1696 ut

161 1716 286 1772 “omnia
313 1731 379 1774 ante
407 1737 459 1775 nos
479 1719 612 1775 consules
636 1719 709 1774 bella
735 1730 815 1794 gesta
836 1720 931 1777 sunt.”
971 1718 1047 1778 Quae
1075 1718 1123 1774 ubi

162 1791 243 1862 dixit,
258 1804 337 1851 tanta
358 1796 441 1852 simul
463 1796 611 1853 admiratio
633 1797 829 1870 miseratioque
854 1798 904 1854 viri
926 1797 1044 1853 incessit
1065 1815 1124 1852 orn-

162 1887 223 1939 nes,
238 1882 269 1927 ut
284 1874 367 1928 modb
382 1873 426 1930 vix
440 1874 599 1940 crederent,
614 1873 693 1930 illum
717 1875 850 1931 eumdem
873 1895 935 1932 esse
961 1876 1008 1948 Sp.
1024 1873 1123 1930 Postu-

161 1947 261 2015 mium,
276 1951 324 2024 qui
339 1961 437 2008 auctor
451 1963 508 2007 tam
523 1951 605 2007 foedae
619 1953 698 2025 pacis
712 1951 810 2008 luisset
819 1972 827 2020 ;
859 1951 943 2010 modb
958 1952 1157 2008 miserarenao

161 2033 217 2096 tur,
231 2025 304 2098 quod
321 2028 360 2084 vir
375 2029 439 2084 talis
452 2029 538 2085 etiam
557 2030 730 2102 precipuum
755 2030 828 2104 apud
844 2031 939 2087 hostes
953 2028 1123 2104 supplicium

161 2120 297 2175 passurus
310 2118 385 2162 esset
398 2107 435 2163 ob
450 2106 517 2162 iram
541 2107 686 2180 diremptae
699 2107 787 2180 pacis.
827 2107 928 2168 Quum
942 2126 1051 2176 ornnes,
1065 2106 1124 2162 lau-

161 2180 246 2237 dibus
260 2183 344 2239 nrodd
358 2190 561 2258 prosequentes
574 2183 673 2252 virum,
695 2185 724 2240 in
745 2186 914 2242 sententiam
929 2187 991 2260 ejus
1004 2184 1123 2256 pedibus

162 2257 252 2326 irent;
287 2271 394 2316 tentata
422 2261 564 2334 paulisper
591 2261 755 2317 intercessio
778 2273 822 2318 est
856 2263 891 2318 ab
919 2262 952 2318 L.
981 2262 1061 2318 Livio
1094 2271 1123 2316 et

161 2333 202 2394 Q.
220 2336 326 2406 Maelio,
341 2337 462 2392 tribunis
475 2337 565 2410 plebis
574 2358 581 2404 ;
603 2337 661 2410 qui,
676 2345 694 2404 ‘¹‘
707 2357 798 2413 neque
807 2339 912 2396 exsolvi
926 2339 1062 2414 religione
1076 2351 1157 2415 po-as

163 2412 317 2486 “pulum'’
333 2413 456 2485 aiebant,
480 2421 496 2449 ‘¹
510 2414 654 2470 deditione
669 2417 729 2482 sul,
751 2417 805 2474 nisi
826 2417 923 2474 omnia
937 2418 1122 2484 Samnitibus,

162 2489 284 2562 “qualia
296 2490 369 2563 apud
386 2490 528 2546 Caudium
544 2491 674 2563 fuissent,
684 2490 915 2551 restituerentur:
931 2513 1022 2568 neque
1032 2515 1061 2552 se
1073 2515 1123 2570 pro

162 2571 182 2602 “
191 2585 235 2636 eo,
249 2565 334 2640 quod,
351 2567 517 2640 spondendo
530 2587 639 2643 pacem,
664 2571 824 2630 servissent
846 2573 1003 2628 exercitum
1026 2573 1143 2647 popurr

162 2647 180 2679 ‘⁴
191 2643 327 2715 Romani,
343 2664 454 2719 poenam
470 2645 555 2702 ullam
572 2647 686 2702 meritos
699 2666 781 2716 esse3
803 2668 894 2727 neque
909 2650 944 2705 ad
956 2661 1123 2722 extremum,

163 2725 279 2796 “quum
294 2723 467 2778 sacrosancti
482 2734 586 2796 essent,
600 2724 666 2780 dedi
681 2725 807 2782 hostibus
822 2726 951 2782 violarive
964 2729 1075 2801 posse.”
1131 2737 1156 2775 ³⁰

203 2875 258 2933 IX.
287 2877 365 2934 Tum
381 2877 550 2949 Postumius,
572 2879 714 2936 “Interea
734 2881 858 2952 dedite,”
880 2882 980 2956 inquit,
1003 2881 1124 2955 “prosa-

162 2961 243 3012 “nos
256 2973 318 3025 nos,
332 2975 401 3028 quos
417 2955 492 3010 salvia
518 2955 654 3030 religione
668 2959 803 3030 potestis:
837 2960 947 3015 dedetis
966 2959 1071 3016 deinde
1094 2969 1124 3015 et

163 3032 260 3088 “istos
274 3043 476 3101 sacrosanctos,
491 3051 577 3106 quum
592 3033 716 3106 primum
729 3037 893 3110 magistratu
908 3037 1028 3093 abierint
1040 3055 1048 3104 ;
1063 3036 1122 3107 sed,

163 3109 215 3164 “i
232 3127 276 3164 me
291 3110 421 3179 audiatis,
436 3111 527 3183 priris,
548 3109 633 3183 quarn
647 3111 795 3182 dedantur,
820 3114 868 3170 hic
882 3113 911 3168 in
933 3114 1048 3170 comitio
1071 3113 1124 3170 rir-

164 3187 183 3224 “
192 3185 236 3258 gis
251 3204 348 3254 caesos,
364 3187 439 3242 hanc
450 3187 508 3261 jam
524 3199 554 3243 ut
568 3187 740 3244 intercalatae
756 3207 847 3263 poenae
861 3210 975 3246 usuram
991 3188 1122 3246 babeant.
1133 3203 1158 3245 ³5

165 3261 269 3318 “Nam
284 3259 358 3334 qubd
372 3263 516 3320 deditione
531 3265 627 3321 nostrai
640 3277 747 3340 negant
765 3267 871 3323 exsolvi
886 3268 1023 3343 religione
1036 3287 1124 3342 popu·

165 3339 263 3403 “lum‚
286 3339 314 3394 id
336 3338 403 3394 istos
423 3342 523 3415 magis,
544 3361 581 3398 ne
602 3343 751 3412 dedantur,
772 3345 855 3417 quim
882 3345 948 3418 quia
969 3346 1008 3401 ita
1028 3364 1058 3402 se
1079 3363 1124 3400 res

165 3417 306 3483 “habeat‚
329 3413 434 3484 dicere,
457 3419 520 3490 quis
543 3417 614 3474 adeb
634 3419 705 3493 juris
726 3420 868 3477 fecialium
883 3441 983 3496 expers
1003 3433 1056 3494 est,
1076 3422 1124 3496 qui

164 3499 186 3532 “
198 3492 332 3568 ignoretl
375 3493 477 3566 Neque
501 3513 555 3568 ego
579 3495 689 3552 inficias
703 3515 747 3568 eo,
767 3497 865 3554 Patres
889 3499 1051 3573 conscripti,
1066 3511 1124 3555 tarn

165 3571 361 3644 “sponsiones
384 3569 468 3644 quirin
488 3572 595 3627 soedera
615 3585 713 3629 sancta
733 3593 795 3630 esse
816 3577 897 3650 apud
915 3581 964 3632 ebs
984 3577 1159 3643 hominesne

168 3653 187 3685 “
198 3647 272 3721 apud
286 3667 355 3720 quos
366 3648 445 3722 juxta
460 3649 570 3704 divinas
589 3650 741 3723 religiones
765 3651 835 3707 fides
859 3653 984 3709 humana
1004 3653 1124 3710 colitur:

166 3725 244 3781 “sed
259 3725 369 3800 injussu
384 3725 479 3799 populi
494 3744 568 3800 nego
591 3726 743 3800 quidquam
758 3729 862 3786 sanciri
883 3749 975 3804 posse,
988 3731 1063 3804 quod
1076 3749 1125 3806 po-
