2620 4220
493 305 598 366 ttnnn
611 314 696 366 m
728 293 886 368 carmem.
1119 316 1181 384 m

217 447 302 533 “que
312 453 490 528 lacessierit3
511 469 541 516 et
553 457 628 533 quod
643 459 739 516 hostes
751 459 865 516 auxiliis
884 469 915 516 et
928 455 1052 534 pecumt
1066 458 1178 535 juverit.
1217 511 1220 516 ,

216 536 284 593 “Et
297 535 330 593 Ρ.
345 537 511 612 Scipionem
524 536 601 594 recte
615 547 699 610 atque
712 537 811 594 ordine
825 537 918 594 videri
938 536 1041 594 secisse
1061 548 1091 594 et
1105 538 1180 598 Ince·

216 623 286 682 “rc,
300 614 376 688 quud
387 619 455 686 eoas
464 615 510 690 qui
526 633 605 672 arma
617 627 717 672 contra
730 614 864 690 populum
880 615 1045 675 Romanurn
1057 615 1180 674 serentes

150 717 157 722 ·
217 694 323 766 “capti
353 706 429 764 sunt,
461 693 583 750 hostiurn
615 711 735 749 numero
767 693 797 748 ia
831 693 952 750 vinculis
985 693 1111 752 habeat:
1151 705 1181 752 et

189 765 292 828 wll.
307 771 457 828 AureIIunr
478 789 495 827 e
518 789 548 826 re
572 770 688 845 publici
702 770 806 840 facere,
827 782 996 846 gratumque
1017 771 1046 827 id
1067 773 1180 830 senatui

218 857 318 921 “essc,
332 847 406 923 quod
421 848 514 905 socios
529 847 625 924 populi
639 847 775 920 Romani,
788 849 903 921 quando
914 848 978 924 jure
992 848 1107 906 faederis
1121 867 1179 910 non

217 933 237 962 ‘¹
246 938 348 1000 posset,
376 925 461 982 armis
487 922 628 983 tueatur.''
684 924 758 982 Cum
784 927 838 982 hcc
864 938 924 983 tarn
950 926 1023 984 tristi
1045 945 1180 1001 responso

163 1031 165 1036 ·
216 1003 341 1061 dimissis
354 1003 576 1070 Macedonibus,
590 1003 676 1079 legati
697 1003 951 1082 Carthagmienses
970 1004 1082 1071 rocatI:
1113 1025 1181 1080 quo·

216 1101 279 1138 rurn
293 1083 423 1138 ataricus
436 1081 677 1156 dignitatibusque
704 1082 865 1156 conspectis
888 1081 971 1158 (nam
991 1081 1076 1158 longd
1096 1084 1180 1158 primi

183 1160 338 1216 nouitatis
351 1161 456 1238 erant),
470 1167 532 1216 tum
545 1178 596 1234 pro
609 1159 771 1234 aequisque
785 1159 891 1232 dicere,
906 1162 972 1218 rere
987 1160 1024 1216 de
1038 1179 1112 1235 pace
1123 1162 1179 1240 agi.

176 1261 180 1267 ·
216 1237 343 1313 Insignis
356 1248 452 1294 tamen
466 1238 540 1294 inter
554 1247 673 1298 caeteros
684 1237 926 1304 Hasdrubalem,
939 1237 1077 1313 (Hedum
1093 1258 1180 1314 popu.-

216 1314 289 1372 lares
302 1316 473 1392 cognomine
488 1315 681 1392 appellabant)
696 1315 776 1389 pacis
788 1333 900 1390 semper
911 1325 1020 1388 auctor,
1034 1316 1180 1374 adversum

215 1412 270 1467 que
294 1394 411 1451 factioni
438 1393 577 1452 Barcinae.
619 1391 664 1449 Εὐ
688 1403 749 1450 tum
772 1393 836 1467 plns
859 1393 899 1450 illi
921 1393 1096 1451 auctoritatis
1116 1393 1179 1467 fuit,

215 1471 282 1528 belli
297 1472 410 1546 culpam
425 1471 455 1527 in
475 1489 631 1546 paucorum
651 1470 836 1546 cupiditatem
857 1490 874 1528 a
894 1471 1041 1546 republica
1062 1472 1180 1530 transle-

183 1549 308 1606 rsrenti:
329 1549 479 1624 quiquam
501 1549 579 1606 sarid
592 1549 720 1606 oratioue
742 1565 809 1606 usus
832 1559 916 1621 esset,
938 1566 1017 1606 nunc
1031 1551 1179 1624 purgando

216 1627 348 1697 crimina,
363 1645 441 1684 nunc
466 1627 596 1700 quaedam
619 1626 745 1692 fatendo,
771 1645 808 1684 ne
829 1627 1009 1702 impudenter
1030 1638 1110 1684 certa
1129 1647 1179 1686 ne-

216 1705 353 1780 gantibus·
363 1705 504 1782 difficilior
518 1704 602 1760 venia
615 1715 701 1778 esset,
713 1723 793 1763 nnnc
817 1705 959 1762 annuendo
979 1705 1067 1762 etiam
1080 1704 1179 1764 Patres

216 1783 391 1857 conscriptos
406 1793 436 1839 ut
449 1783 534 1840 rebus
547 1781 683 1839 secundis
697 1781 824 1838 modestd
849 1801 883 1838 ac
905 1783 1050 1840 moderate
1068 1793 1179 1840 uteren-

216 1871 279 1916 tur:
314 1871 332 1896 ‘⁸
345 1861 379 1916 Si.
397 1879 428 1916 se
449 1871 532 1934 atque
555 1860 729 1916 Hannonem
751 1860 897 1916 audissent
917 1860 1178 1935 Carthaginienses,

181 1951 207 1991 au
217 1947 236 1974 ‘⁶
245 1949 274 1994 et
287 1939 465 2012 temporeuti
480 1937 644 2003 voluissent,
668 1938 783 2010 daturos
797 1937 884 1994 luisse
897 1937 977 2011 pacis
990 1937 1178 2010 conditiones,

217 2025 315 2090 t‘quas
327 2026 397 2073 tunc
410 2026 548 2090 peterent.
590 2013 768 2080 Rard'sinrul
790 2015 953 2072 hominihus
974 2015 1078 2072 bonam
1093 2015 1179 2074 fcrtu-

218 2101 314 2164 “nam
327 2093 486 2168 bonamque
501 2103 627 2150 mentem
640 2092 711 2148 dari.
753 2093 892 2166 Populum
907 2093 1074 2149 Romanum
1088 2090 1122 2148 eti
1136 2093 1179 2150 in·
1240 2161 1244 2170 ⁸

206 2171 351 2230 '“victum
365 2191 436 2242 esse,
451 2169 525 2246 qudd
548 2171 576 2228 in
601 2169 736 2228 secundis
756 2171 843 2228 rebus
865 2189 963 2244 sapere
987 2180 1016 2228 et
1029 2170 1178 2228 consulere

217 2259 236 2285 “
245 2249 422 2306 meminerit:
450 2260 479 2306 et
494 2247 636 2324 (Hercule
646 2247 668 2327 l)
684 2248 845 2306 mirandum
859 2247 956 2320 fuisse,
970 2247 996 2304 si
1011 2248 1090 2304 aliter
1104 2247 1179 2306 face·

181 2339 207 2380 aa
217 2337 315 2385 “rent.
356 2326 402 2384 Ex
414 2327 578 2400 insolentis,
591 2327 694 2401 quibus
708 2344 782 2384 nova
801 2325 877 2384 buna
890 2325 1002 2384 fortuna
1022 2327 1066 2397 sit,
1091 2326 1179 2401 impo-

215 2407 235 2442 “
244 2415 337 2462 tentes
350 2406 454 2462 letitie
468 2405 602 2462 insanire.
643 2405 753 2480 Populo
765 2405 899 2462 Romano
923 2404 1026 2462 usitata
1040 2423 1075 2462 aa
1088 2403 1177 2480 propd

217 2493 236 2521 ‘¹
242 2484 301 2560 jam
315 2484 442 2542 obsoleta
454 2501 490 2542 ex
507 2483 623 2556 victoria
636 2483 741 2558 gandia
754 2501 827 2555 esse,
850 2482 917 2558 plats
935 2501 1019 2556 paene
1032 2482 1178 2557 parcendo

217 2561 336 2634 “dictim
361 2561 444 2636 quam
469 2561 622 2628 vincendO,
644 2561 794 2636 imperium
818 2559 961 2618 auxisse.”
1003 2559 1177 2618 Ceterorum

215 2639 411 2698 miserabilior,
430 2640 519 2696 oratio
546 2639 608 2706 fuit,
639 2637 934 2709 commemorantium,
966 2646 984 2674 “⁸
999 2637 1044 2694 Ex
1063 2638 1177 2710 quantis
1206 2689 1207 2692 ,

180 2727 235 2768 ³⁰⁴¹
244 2717 345 2794 opibus
368 2715 423 2792 quo
443 2717 612 2775 recidissent
632 2715 913 2791 Carthaginiensium
934 2733 998 2772 res:
1029 2715 1101 2772 nihil
1124 2715 1176 2783 eis,

210 2804 235 2850 .⁸‘
244 2797 294 2870 qui·
307 2795 391 2854 modd
404 2795 503 2853 orbern
516 2795 601 2870 prope
616 2805 753 2852 terrarum
767 2793 957 2851 obtinuissent
971 2793 1066 2864 armis,
1080 2811 1176 2867 super-

215 2883 317 2942 “esse‚
333 2886 434 2950 praeter
447 2873 631 2948 Carthaginis
645 2872 758 2930 maenia.
800 2871 841 2928 lis
862 2871 997 2938 inclusos,
1019 2889 1077 2928 non
1091 2871 1175 2937 terra,

215 2953 406 3022 “nonssnrari
428 2953 580 3026 quidquam
604 2951 648 3008 sui
673 2950 745 3028 juris
769 2968 896 3007 cernere.
937 2949 1044 3006 Urbem
1065 2967 1176 3022 quoque

215 3031 332 3106 “ipsam
348 3049 382 3088 ac
395 3041 513 3105 penates
527 3030 566 3086 ita
579 3029 734 3094 habituros,
759 3029 783 3086 si
807 3047 864 3084 non
880 3027 908 3084 in
930 3045 966 3084 ea
988 3045 1107 3101 quoque,
1122 3043 1177 3100 quo

180 3109 314 3166 ³⁵“nillrl
329 3109 446 3168 adterius
460 3109 505 3175 sit,
520 3107 618 3164 sevire
637 3107 759 3182 pupulus
772 3107 921 3164 Romanus
939 3105 1034 3162 velit.'’
1074 3103 1176 3166 Quum

198 3256 201 3262 Ι
213 3185 291 3244 flecti
305 3187 505 3244 misericordial-
515 3186 612 3242 Patres
625 3195 784 3260 appareret,
805 3195 966 3242 serratorum
981 3203 1073 3242 unum
1092 3183 1178 3240 inles-

213 3277 274 3322 tum
290 3265 415 3340 perfidiae
436 3263 717 3348 Carthaginiensium
738 3262 944 3319 succlamassse
965 3262 1068 3328 serunt,
1091 3261 1177 3318 “Per

215 3339 313 3418 “quos
327 3343 405 3400 Deos
421 3342 518 3402 ,fedus
538 3341 622 3398 icturi
640 3351 744 3411 essent,
766 3359 853 3415 quum
874 3359 932 3412 eos,
954 3359 1003 3415 per
1016 3359 1086 3414 quos
1107 3341 1175 3396 ante

213 3422 330 3478 “ictum
344 3431 428 3489 esset,
444 3419 608 3476 fefellissent
620 3421 631 3474 l
642 3420 658 3446 ’'
681 3422 699 3453 “
713 3418 766 3476 Per
780 3419 925 3488 eosdem,'’
947 3419 1038 3492 inquit
1049 3417 1177 3474 Hasdru·

180 3507 205 3547 ro
213 3499 270 3568 bal,
283 3503 302 3535 “
310 3499 359 3574 qui
374 3511 431 3556 tarn
446 3498 541 3556 infesti
554 3507 620 3554 sunt
634 3496 740 3574 foerlera
754 3496 953 3554 violantibus.”
1113 3497 1114 3500 ’

254 3655 367 3714 XLIII.
388 3654 538 3712 Inclinatis
551 3654 679 3712 omniurn
694 3653 728 3710 ad
750 3651 850 3729 pacem
874 3652 985 3720 animis,
1001 3653 1055 3708 Cn.
1070 3651 1178 3708 Lentu·

213 3733 259 3792 lus
273 3734 381 3802 consul,
396 3734 443 3792 oui
458 3731 558 3790 classis
571 3732 715 3808 provincia
729 3745 799 3805 erat,
821 3730 1077 3788 senatuis-consulto
1091 3729 1178 3786 inter-
