2620 4220
151 331 211 394 ῃ
546 327 718 378 arnum:

153 489 216 532 sum
229 489 332 548 agmen
346 480 497 548 carperent
510 471 546 528 ab
558 471 637 529 omni
651 481 729 548 parte
750 468 994 543 incursarentque‚
1008 477 1037 526 et
1048 465 1120 544 jam,

152 551 256 609 omisso
270 551 380 621 itinere,
401 551 476 624 quod
491 550 567 626 fugae
588 549 680 606 simile
695 559 764 620 erat,
785 557 878 604 castra
892 547 992 603 metari
1011 545 1121 604 Poenus

153 629 183 686 in
197 629 308 685 tumulo
322 647 406 704 super
421 627 547 685 fluminis
571 628 661 703 ripam
686 626 788 694 vellet:
820 625 936 681 advenit
956 624 1056 681 Livius
1069 622 1120 700 pe·

154 707 244 762 ditum
264 706 398 763 omnibus
412 707 511 781 copiis,
526 725 584 764 non
605 705 714 762 itineris
728 705 822 776 modo,
843 703 894 763 sed
915 701 951 760 ad
966 721 1120 760 conseren-

152 784 221 840 dum
251 784 393 858 externplo
423 784 553 859 proelium
584 782 729 842 instructis
757 781 936 856 armatisque:
989 781 1047 837 Sed
1069 779 1156 837 ubis

151 881 252 920 omnes
266 863 362 937 copias
383 863 603 938 conjunxerunt,
627 861 790 935 directaque
815 860 893 916 acies
905 871 957 929 est,
979 857 1120 915 Claudius

152 939 251 998 dextro
265 940 294 996 in
308 959 407 1007 cornu,
423 940 521 996 Livius
535 940 571 996 ab
584 939 698 996 sinistro
721 957 846 1014 pugnarn
861 937 994 994 instruit:
1023 936 1121 992 media

153 1018 231 1074 acies
254 1019 365 1092 praetori
388 1019 497 1074 tuenda
514 1019 605 1076 datur.
649 1017 820 1082 Hasdrubal,
835 1015 938 1072 omissi
959 1014 1120 1071 munitione

153 1107 319 1162 castrorum,
335 1105 482 1170 postquam
502 1096 690 1172 pugnandum
712 1095 790 1164 vidit,
814 1094 843 1150 in
864 1093 955 1168 primi:
968 1093 1038 1149 acie
1052 1101 1119 1148 ante

154 1174 237 1248 signa
250 1173 416 1248 elephantos
429 1173 566 1231 collocat:
596 1174 674 1231 cirea
687 1191 736 1230 eos
749 1173 820 1228 laevo
834 1172 863 1227 in
878 1189 967 1228 cornu
982 1171 1120 1226 adversus
1130 1181 1156 1220 1⁰

153 1251 306 1308 Claudium
320 1251 418 1309 Gallos
430 1253 555 1327 opponit,
577 1251 654 1308 haud
675 1249 784 1330 tanttim
798 1250 840 1306 eis
855 1246 957 1320 fideus,
977 1248 1120 1322 quantum

153 1329 189 1385 ab
204 1329 283 1386 hoste
294 1329 388 1386 timeri
402 1347 451 1387 eos
469 1330 613 1387 credebat.
655 1329 721 1403 lpse
735 1327 865 1384 dextrum
880 1345 970 1384 cornu
984 1325 1120 1382 adversus

153 1405 195 1464 M.
210 1405 322 1464 Livium
337 1407 391 1464 sibi
405 1419 488 1482 atque
503 1407 640 1482 Hispanis
665 1409 708 1483 (et
723 1407 761 1463 ibi
776 1405 899 1462 maxime
914 1405 944 1461 in
959 1415 1053 1460 vetere
1067 1403 1120 1460 rui-
1136 1401 1140 1406 ’

152 1485 202 1544 lite
216 1503 296 1560 spem
311 1485 446 1564 habebat)
461 1485 588 1559 sumpsit.
619 1485 742 1560 Ligures
756 1483 785 1541 in
800 1483 895 1562 medio
909 1493 972 1558 post
985 1482 1121 1556 elephan-

152 1573 196 1620 tos
210 1564 312 1637 positi:
334 1563 384 1619 sed
398 1563 517 1638 longior,
539 1561 625 1637 quim
640 1563 731 1630 latior,
743 1561 820 1618 acies
832 1563 903 1618 erat.
944 1560 1042 1617 Gallos
1057 1570 1157 1635 pro-‚1⁵

153 1641 266 1698 minens
280 1641 361 1698 collis
380 1642 505 1716 tegebat.
546 1641 591 1697 Ea
611 1641 697 1712 frons,
718 1657 803 1715 quam
826 1635 948 1714 Hispani
972 1638 1119 1710 tenebant,

153 1737 219 1775 cum
242 1717 355 1775 sinistro
379 1719 576 1777 Romanorum
599 1737 688 1776 cornu
709 1719 873 1776 concurrit:
908 1718 1007 1774 dextra
1026 1717 1121 1773 omnis
1224 1787 1229 1793 .

153 1797 231 1854 acies
244 1808 323 1853 extra
337 1797 467 1872 proeliuru
486 1797 617 1854 eminens
630 1797 777 1854 cessabat:
811 1791 893 1852 collis
913 1795 1059 1870 oppositus
1078 1813 1122 1850 ar·

154 1875 247 1946 cebat,
261 1893 298 1931 ne
312 1885 360 1932 aut
374 1894 391 1932 a
405 1875 506 1943 sronte,
528 1885 577 1932 aut
600 1876 636 1932 ab
659 1875 746 1931 latere
767 1868 998 1949 aggrederentur.
1026 1871 1121 1928 -Inter

153 1953 267 2010 Livium
283 1953 550 2028 Hasdrubalemque
571 1954 673 2030 ingens
687 1959 867 2019 contractum
879 1961 1027 2008 certamen
1048 1960 1118 2016 erat,
1129 1958 1158 1998 ὓ)

154 2043 288 2106 atroxque
312 2032 407 2088 credes
427 2032 568 2106 utrimque
588 2031 734 2088 edebatur.
789 2029 835 2086 lbi
856 2029 946 2086 duces
966 2028 1058 2097 ambo,
1080 2026 1121 2083 ibi

153 2129 219 2186 pars
234 2109 322 2186 major
335 2111 463 2185 pediturn
477 2110 660 2184 equitumque
681 2109 879 2166 Romanorum
892 2126 900 2175 3
932 2106 972 2162 ibi
987 2105 1120 2179 Hispani,

154 2199 235 2245 vetus
249 2187 330 2244 miles
344 2189 506 2264 peritusque
521 2187 662 2244 Romanae
685 2205 800 2262 pugnae,
821 2196 850 2242 et
870 2185 1002 2260 Ligures,
1017 2183 1121 2257 durum

154 2267 185 2324 in
207 2267 293 2322 arrnis
312 2283 421 2342 genus:
455 2265 556 2322 eddem
571 2265 643 2322 versi
657 2265 811 2340 elephanti,
832 2263 880 2338 qui
900 2262 991 2337 primo
1012 2261 1121 2336 impetu

154 2345 336 2401 turbaverant
350 2343 562 2417 antesignanos,
582 2353 612 2399 et
629 2342 688 2418 jam
709 2343 792 2418 signa
804 2351 950 2398 moverant
963 2341 1044 2396 loco:
1071 2338 1158 2394 dem

156 2422 232 2498 inde,
247 2431 395 2478 crescente
409 2421 566 2477 certamine
580 2430 608 2477 et
617 2420 757 2488 clamore,
776 2417 958 2495 impotentids
968 2419 1027 2494 jam
1045 2416 1121 2492 regi,

155 2511 184 2556 et
204 2499 278 2556 inter
299 2498 370 2554 duas
391 2499 468 2556 acies
488 2499 603 2571 versari,
632 2499 709 2556 velut
737 2498 982 2572 incerti'quorum
999 2506 1120 2563 esseut3

155 2579 232 2634 haud
246 2575 421 2634 dissimiliter
433 2575 554 2634 navibus
568 2577 630 2634 sine
643 2575 838 2652 gubernaculo
851 2575 939 2651 vagis.
969 2572 1121 2643 Claudius,

157 2655 266 2718 “Quid
287 2673 357 2731 ergo
381 2655 518 2732 precipiti
541 2673 627 2712 cursu
651 2665 709 2712 tam
730 2655 847 2730 longum
868 2654 922 2710 iter
942 2651 1051 2709 emensi
1075 2669 1122 2706 su·

157 2745 176 2772 ‘⁴
186 2733 300 2792 musl’'
333 2733 483 2791 clamitans
510 2734 655 2800 militibus,
683 2751 771 2807 quum
797 2732 827 2789 in
848 2731 995 2788 adversum
1017 2727 1158 2786 collem&

157 2813 259 2871 frustra
285 2812 368 2888 signa
393 2813 503 2887 erigere
530 2823 649 2868 conatus
675 2821 761 2881 esset,
782 2819 929 2885 postquam
948 2811 983 2864 ed
999 2806 1121 2897 ¹regione

155 2891 299 2968 penetrari
326 2890 363 2946 ad
386 2891 495 2946 hostem
516 2907 573 2946 non
595 2890 709 2946 videbat
729 2907 831 2964 posse:
865 2889 996 2944 cohortes
1016 2885 1123 2958 aliquot

157 2971 313 3028 subductas
333 2987 349 3024 e
370 2968 469 3025 dextro
490 2985 589 3032 cornu,
617 2967 667 3024 ubi
697 2967 848 3024 stationem
876 2965 967 3040 magis
991 2980 1121 3038 segnem,

156 3047 242 3123 qudm
256 3063 391 3124 pugnem,
406 3046 529 3102 futuram
544 3045 691 3120 cernebat,
710 3055 773 3120 post
794 3045 886 3101 aciem
907 3040 1121 3100 circumducit:

156 3136 194 3198 et,
216 3143 275 3182 non
287 3125 416 3181 hostibus
429 3121 521 3191 modd,
537 3124 587 3180 sed
605 3123 690 3180 etiam
713 3123 772 3179 suis
793 3121 1016 3198 inopinantibus,
1036 3120 1066 3176 in
1086 3117 1158 3175 si·³⁵

157 3204 278 3261 nistrum
293 3201 416 3258 hostiurn
430 3203 504 3259 latus
525 3201 664 3258 incurrit:
695 3210 829 3275 tantaque
853 3200 984 3257 celeritas
998 3198 1060 3268 suit,
1082 3207 1123 3266 ut,

157 3299 245 3356 quum
258 3279 449 3338 ostendissent
462 3299 493 3336 se
507 3281 543 3336 ab
556 3281 655 3352 latere,
669 3280 777 3339 moxiu
792 3290 872 3355 terga
882 3279 941 3354 jam
952 3283 1123 3352 pugnarent.

159 3359 211 3417 Ita
224 3379 261 3416 ex
274 3357 408 3416 omnibus
423 3359 558 3432 partibus,
573 3359 609 3415 ab
623 3357 770 3430 sronte,ab
784 3357 879 3427 latere,
895 3357 935 3412 ab·
945 3367 1025 3431 tergo
1038 3352 1125 3412 truci·

159 3439 262 3495 dantur
277 3435 399 3510 Hispani
413 3435 609 3511 Liguresque:
640 3447 669 3494 et
683 3437 718 3493 ad
732 3436 830 3496 Gallos
847 3435 906 3511 jam
920 3435 1015 3492 caedes
1029 3449 1128 3508 perve-

159 3527 249 3575 nerat.
291 3515 337 3572 Ibi
351 3513 501 3571 minimum
522 3515 687 3572 certaminis
701 3515 773 3571 suit:
803 3533 871 3572 nam
895 3524 924 3570 et
940 3533 1006 3589 pars
1019 3515 1159 3587 magna&

161 3596 197 3653 ab
211 3595 300 3672 siguis
315 3593 442 3664 aberant,
456 3604 540 3648 nocte
554 3593 664 3668 dilapsi,
689 3593 824 3668 stratique
842 3611 942 3650 somno
956 3591 1060 3668 passim
1071 3607 1124 3664 per

161 3691 263 3748 agros:
285 3683 323 3738 et,
338 3670 386 3745 qui
397 3671 523 3740 aderant,
539 3669 641 3726 itinere
655 3689 689 3727 ac
703 3671 807 3746 vigiliis
821 3671 897 3737 sessi,
910 3667 1125 3738 intolerantissi-

161 3767 208 3806 ma
222 3751 332 3809 -laboris
352 3767 478 3824 corpora,
503 3747 550 3805 vix
573 3767 652 3804 arma
665 3748 790 3806 humeris
810 3749 967 3825 gestabant.
1010 3747 1048 3804 Et
1064 3746 1124 3822 jam
