2630 4228
163 365 221 426 tte
564 358 736 428 aricien

160 513 180 544 “
193 506 220 563 in
237 523 281 562 me
297 505 421 562 audeam
436 501 567 562 inimici?
604 523 640 562 an
665 504 773 562 exitum
795 501 887 559 Cassii
914 501 1060 578 lllmliique
1079 522 1127 562 ert·-

161 593 179 620 “
192 595 318 658 spectem
331 585 342 639 i
384 583 463 640 liene
479 583 582 655 facitis,
595 577 670 656 quiid
686 581 908 638 abominamini:
932 579 980 638 Dii
994 583 1126 658 prohibe·

160 663 262 718 “bunt
278 662 353 718 bace:
378 667 427 718 sed
443 681 589 737 nunquam
603 672 716 736 propter
730 679 775 716 me
790 660 826 715 de
849 660 922 716 curlo
937 660 1121 718 descendent.

161 745 179 774 “
196 740 282 796 Vobis
295 740 365 797 dent
389 753 524 808 mentem,
542 751 660 814 oportet,
683 753 715 795 ut
736 737 921 812 prohibeatis:
959 739 1034 795 sicut
1055 739 1124 796 mihi

160 827 178 852 ¹⁶
190 818 332 874 dederunt
346 830 453 875 armato
475 829 635 894 togatoque,
660 829 691 873 ut
716 835 764 874 ros
778 835 795 872 a
809 815 935 873 barbaris
949 817 1087 888 hostibus,
1108 837 1125 874 a
1145 833 1159 874 a

159 896 319 971 “superbis
341 897 523 954 defenderem
549 896 667 952 civibus.
710 893 785 950 'l'arn
810 913 913 968 parvus
927 896 1039 952 animus
1054 896 1124 952 tanti

160 983 179 1009 ⁴·
193 973 287 1048 populi
303 991 357 1048 cst,
372 993 402 1032 ut
415 993 526 1049 semper
541 974 619 1032 vobis
634 973 769 1031 auxilium
785 973 920 1028 adversus
934 973 1069 1038 inimicos
1082 993 1129 1030 εει·-

159 1053 227 1110 “tis
240 1053 296 1120 sit;
332 1072 386 1110 nec
401 1053 499 1120 ullum,
523 1054 576 1109 nisi
598 1052 739 1126 quatenus
763 1044 894 1126 imperari
914 1051 992 1108 vobis
1015 1052 1123 1123 sinatiS,

158 1139 178 1166 “
190 1141 335 1186 certamen
350 1134 486 1187 advorsus
500 1131 598 1187 Patres
613 1130 734 1186 nirritisi
777 1129 842 1190 Nec
864 1130 917 1186 boe
942 1130 1044 1186 naturai
1059 1130 1125 1186 insi·
1216 1195 1224 1204 ι

159 1218 178 1244 “
191 1219 250 1264 tum
266 1209 344 1264 vobis
357 1220 410 1281 est,
435 1210 484 1265 sed
511 1228 564 1264 usu
587 1207 780 1284 possidemini.
813 1207 883 1280 ¹Cur
896 1208 975 1264 enim
989 1209 1123 1265 adversus
1135 1228 1157 1266 ro

159 1293 178 1321 ‘⁸
190 1303 323 1342 externos
337 1299 446 1344 tanturn
459 1287 618 1343 animorum
627 1281 734 1361 geritis]
748 1297 778 1341 nt
789 1285 927 1360 imperare
943 1286 997 1342 illis
1012 1301 1123 1360 aequum

160 1363 355 1422 “censeatisi
388 1365 454 1440 quia
468 1363 627 1428 corisudstia
648 1383 715 1420 cum
737 1363 779 1420 eis
793 1383 842 1438 pro
865 1363 982 1438 imperio
1004 1377 1123 1436 certare,

159 1446 178 1473 “
189 1443 324 1499 adversus
338 1444 389 1500 hos
403 1454 511 1499 tentare
527 1442 627 1518 magis,
649 1441 734 1516 quiam
757 1442 839 1512 tueri,
855 1440 1022 1498 libertatem.
1065 1442 1124 1498 'l'a-

159 1529 258 1576 “men
285 1521 507 1594 qualescumque
534 1521 624 1577 duces
645 1519 793 1591 habuistis,
820 1517 1042 1594 qualescumque
1071 1521 1123 1595 ipsi

158 1606 177 1634 ⁶·
191 1596 292 1669 suistis,
313 1599 410 1655 onmia
431 1600 536 1666 adhuc,
561 1610 789 1673 quantecumque
810 1597 928 1672 petistis,
949 1599 1120 1666 obtinuistis,
1135 1619 1158 1658 1⁵

156 1677 239 1730 “seu
264 1675 300 1740 vi,
328 1695 378 1732 scu
405 1676 517 1734 fortunii
544 1677 644 1734 vestra.
687 1677 818 1749 Tempus
837 1687 888 1744 e'st,
910 1676 996 1732 etiam
1019 1677 1124 1752 majora
1159 1727 1161 1732 .

158 1753 294 1809 '‘conari.
337 1753 513 1828 Experimini
536 1753 620 1812 modii
640 1765 670 1811 et
683 1766 805 1810 vestram
825 1754 1003 1825 ¹felicitatem,
1025 1765 1054 1812 et
1078 1774 1123 1811 me

158 1839 178 1866 ‘⁶
191 1836 236 1894 lut
249 1833 345 1909 spero)
362 1833 480 1889 feliciter
494 1845 661 1908 expertum:
683 1832 792 1889 minore
804 1833 927 1908 nogotio,
942 1833 989 1906 qui
1006 1833 1123 1908 imperet

158 1918 177 1944 “
194 1908 329 1978 Patribus,
359 1909 519 1986 imponetis
544 1911 638 1985 quiin,
660 1911 708 1984 qui
723 1911 887 1968 resisterent
908 1911 1123 1985 imperantibus,

157 1996 177 2022 “
191 1986 372 2061 imposuistis.
415 1990 482 2046 Solo
496 1990 642 2064 aequandae
656 2000 722 2044 sunt
733 1989 881 2044 dictaturae
893 1989 1122 2062 consulatusque,
1132 2009 1157 2047 en

159 2074 179 2101 “
192 2076 223 2121 ut
234 2077 319 2140 caput
334 2067 461 2124 attollere
476 2068 610 2124 Romana
624 2067 722 2141 plebes
736 2068 831 2141 possit.
874 2066 997 2123 Proinde
1008 2068 1103 2123 adeste
1115 2086 1122 2137 ;

159 2144 336 2217 “prohibete
349 2145 396 2220 jus
409 2146 445 2202 de
459 2146 590 2220 pecuniis
604 2145 679 2202 dici:
710 2164 763 2220 ego
783 2163 828 2201 me
849 2155 999 2220 patronum
1014 2145 1124 2219 prolite-

158 2230 220 2277 “or
244 2221 343 2295 plebis,
363 2224 439 2296 quod
461 2222 530 2280 mihi
558 2242 628 2280 cura
655 2241 719 2279 mea
743 2234 774 2279 et
795 2223 865 2279 fides
893 2241 997 2279 nornen
1021 2223 1122 2286 induit.

159 2307 177 2334 ‘¹
191 2297 250 2354 Vos
263 2299 286 2354 si
301 2319 357 2373 quo
378 2300 483 2375 insigni
507 2301 598 2376 magis
621 2300 732 2374 imperii
754 2301 903 2358 honorisve
925 2301 1041 2357 nomine
1064 2319 1125 2357 resa

159 2385 177 2412 ‘⁴
190 2391 263 2432 trum
278 2378 455 2451 appellabitis
469 2379 581 2449 ducem,
594 2398 629 2436 eo
643 2378 762 2439 utemini
777 2379 934 2454 potentiore
943 2379 978 2435 ad
992 2379 1123 2435 obtinen-
1132 2398 1158 2438 et

158 2462 177 2489 ⁴·
190 2453 227 2508 ila
240 2472 284 2520 ea,
298 2473 361 2528 quoe
377 2455 489 2512 vultis.”
531 2455 604 2513 Inde
619 2457 654 2513 de
669 2475 759 2533 regno
774 2457 878 2532 agendi
896 2468 991 2514 ortum
1011 2457 1123 2514 initium

157 2530 282 2588 dicitur:
313 2534 363 2589 sed
378 2552 433 2590 nec
448 2553 514 2592 cum
538 2535 651 2609 quibus,
676 2554 732 2592 nec
754 2553 838 2610 quem
853 2535 889 2592 ad
903 2535 990 2594 linem
1004 2534 1125 2592 consilia

158 2610 349 2684 pervenerint,
364 2623 407 2669 sat
421 2612 538 2688 planum
552 2613 680 2670 traditur.
846 2607 850 2614 ’

197 2767 283 2825 xlx.
306 2769 347 2826 At
360 2770 390 2826 in
405 2785 483 2846 parte
498 2769 587 2828 alterii
600 2782 716 2828 senatus
729 2772 765 2828 de
777 2771 948 2842 secessione,
963 2771 992 2828 in
1007 2771 1123 2828 dentum

159 2845 309 2920 privatam,
324 2848 423 2922 plebis,
439 2848 509 2906 sorte
531 2850 617 2906 etiam
640 2851 670 2906 in
685 2869 751 2907 arce
765 2851 896 2926 positam,
919 2861 948 2907 et
962 2849 1159 2912 imminentioo

157 2924 232 2981 rrrole
259 2924 393 2997 libertati,
416 2927 512 3002 agitat.
563 2927 673 3002 blegne
696 2928 982 3003 pars-vociferantur,
1004 2927 1124 2986 Servilio

158 3001 252 3058 Anda
267 3021 339 3078 opus
352 3023 424 3075 esse,
440 3005 486 3079 qui
510 3023 577 3070 non,
603 3006 632 3062 in
655 3006 770 3062 vincula
784 3007 850 3063 duci
871 3007 1009 3082 jubendo,
1035 3006 1122 3080 irritet

156 3079 304 3153 publicum
320 3082 440 3154 hostem,
455 3083 505 3139 sed
529 3083 615 3140 unius
633 3083 746 3158 jactura
767 3085 837 3141 civis
859 3084 939 3141 liniat
957 3084 1124 3154 intestinum

156 3156 272 3215 bellum.
313 3159 481 3217 Decurritur
496 3162 531 3218 ad
547 3161 682 3218 leniorem
698 3163 790 3219 verbis
810 3163 992 3234 sententiam,
1012 3161 1069 3218 vim
1083 3175 1124 3218 ta·

156 3253 222 3291 men
237 3236 368 3293 eamdem
384 3239 547 3305 habentem,
569 3247 588 3278 ‘⁶
599 3239 636 3296 Ut
650 3241 766 3298 videant
787 3241 978 3316 magistratus,
1000 3259 1037 3296 ne
1055 3239 1158 3314 quidm

157 3319 223 3370 “ex
248 3314 416 3388 perniciosis
441 3317 568 3374 consiliis
590 3316 632 3373 M.
655 3317 757 3375 Manlii
785 3319 946 3394 respublica
960 3318 1124 3374 detrimenti

157 3396 175 3428 “
188 3392 311 3466 capiat.”
353 3393 431 3450 'l'um
446 3395 551 3452 tribuni
566 3397 708 3452 consulari
723 3408 870 3472 potestate,
890 3395 1052 3470 tribunique
1066 3395 1124 3470 ple·

157 3468 203 3525 bei
219 3471 297 3542 (iram
312 3482 350 3538 et,
365 3472 432 3546 quia
445 3474 579 3530 eumdem
593 3484 622 3530 et
636 3493 694 3530 suae
715 3475 871 3549 potestatis,
886 3493 970 3549 quem
986 3473 1124 3530 libertatis

155 3548 294 3619 omnium,
307 3549 393 3607 linem
408 3551 575 3618 cernebant,
590 3552 705 3608 Petrum
720 3553 879 3618 auctoritati
888 3571 920 3610 se
928 3553 1124 3628 dediderant),

154 3625 187 3682 ni
201 3637 261 3682 tum
275 3646 385 3699 omnes,
399 3629 466 3703 quid
480 3648 552 3703 opus
567 3630 641 3686 sacto
654 3631 699 3697 sit,
725 3631 896 3688 consultant.
938 3631 1039 3691 Quum
1054 3649 1160 3705 prae-to

156 3713 199 3760 ter
214 3705 270 3762 vim
283 3716 313 3762 et
326 3709 434 3763 caedem
451 3707 520 3763 nibil
546 3707 677 3780 cuiquam
700 3721 872 3774 occurreret,
887 3729 950 3765 earn
965 3720 1059 3764 autern
1082 3708 1125 3764 in·

155 3783 250 3856 gentis
271 3783 463 3842 dimicationis
489 3785 547 3844 lore
569 3797 737 3860 appareret;
782 3798 841 3842 turn
868 3787 909 3843 M.
939 3786 1065 3844 lllaenius
1095 3797 1124 3844 et
