2632 4224
111 416 115 422 -
155 373 194 433 26
555 375 624 428 rrrr
640 375 724 426 mvn

155 513 221 590 pius
235 515 349 586 Albam,
363 517 417 574 tria
431 518 545 576 Albana
558 518 682 578 Romam
703 541 810 598 versus,
824 521 874 578 sed
888 521 1021 580 distantia
1034 518 1113 594 locis,

156 603 184 650 et
198 604 230 650 ut
243 606 399 670 pugnatum
414 607 465 654 est.
648 609 655 622 ⁰

195 741 309 841 XXVl.
337 752 504 830 Priusquam
519 755 585 813 inde
600 755 825 832 digrederentur,
840 756 950 834 roganti
965 755 1065 828 Metto,
1080 777 1116 814 ex

156 827 334 918 'foedere‘rcto
347 833 414 906 quid
429 834 589 908 imperaret,
614 835 734 911 imperat
757 835 869 906 Tullus,
885 835 926 892 uti
936 835 1115 910 juventutem

156 925 186 962 rn
202 926 286 964 armis
301 911 404 968 habeat
416 931 422 968 :
436 944 441 952 ·
455 931 570 968 usurum
595 932 625 969 se
650 932 747 970 eorum
770 916 865 989 operti,
890 914 913 970 si
928 911 1033 970 bellum
1048 931 1115 971 curn
1136 923 1149 962 ⁵

156 985 326 1060 Vejentibus
341 989 430 1046 foret:
451 991 491 1046 ita
504 991 646 1047 exercitus
671 991 737 1048 inde
756 991 858 1049 domos
869 987 993 1048 abducti.
1035 991 1116 1048 Prin-

156 1079 224 1138 ceps
240 1065 374 1124 Horatius
396 1067 463 1134 ibat,
489 1069 639 1144 trigemina
665 1070 752 1144 spolia
777 1089 833 1144 prae
857 1089 888 1126 se
912 1089 1033 1144 gerens:
1067 1071 1115 1126 cui

156 1161 232 1198 soror
247 1145 334 1218 virgo,
348 1165 410 1220 quae
424 1148 563 1222 desponsa
577 1147 627 1203 uni
641 1167 676 1204 ex
690 1148 825 1206 Curiatiis
839 1148 940 1214 luerat,
953 1147 1037 1204 obvia
1050 1159 1116 1204 ante

155 1232 263 1296 portam
290 1224 435 1297 Capenam
461 1225 530 1294 luit3
565 1225 735 1300 cognitoque
759 1245 843 1302 super
868 1228 1000 1288 humeros
1024 1225 1116 1282 fratris

155 1299 356 1374 paludamento
371 1304 476 1377 sponsi,
490 1305 563 1378 quod
590 1303 650 1378 ipsa
673 1305 845 1371 confecerat,
871 1305 952 1360 solvit
970 1303 1073 1374 crines,
1088 1315 1116 1360 et
1127 1314 1149 1352 1⁰

156 1376 287 1468 debiliter
302 1383 418 1438 nomine
432 1401 566 1458 sponsum
589 1393 730 1440 mortuum
746 1375 875 1458 appellat.
917 1382 1014 1440 Movet
1028 1382 1116 1439 feroci

153 1473 252 1530 juveni
268 1459 393 1516 animum
409 1461 592 1536 comploratio
606 1462 708 1518 sororis
733 1462 762 1518 in
788 1461 902 1518 victorii
917 1464 966 1516 sui
982 1469 1116 1534 tantoque

155 1535 260 1608 gaudio
276 1537 396 1610 publico.
440 1539 544 1596 Stricto
568 1539 661 1613 itaque
685 1539 789 1615 gladio,
814 1541 866 1595 siin
889 1539 897 1594 l
919 1539 1012 1615 yerb's
1027 1539 1117 1595 incre,-

156 1629 237 1686 pans,
253 1616 390 1690 transfigit
406 1617 537 1692 puellam.
579 1619 667 1674 “Abi
682 1619 836 1674 hinccum.
856 1559 1008 1673 tinlltdr‘dli‘
1016 1605 1140 1672 ἐἰηὶοἰέζῆ
1157 1607 1182 1665 J‘
1193 1621 1210 1646 ⁸

156 1694 174 1724 “
189 1693 223 1747 ad
240 1697 404 1767 sponsnm‚”
420 1697 520 1770 inquit,
541 1697 657 1752 “oblita
672 1698 788 1753 fratrum
804 1707 977 1753 mortuorum
994 1695 1150 1768 rivique,1⁵

156 1769 175 1802 “
189 1769 275 1828 oblita
290 1774 476 1906 tfdl‘plaestb
491 1786 547 1841 eat,
570 1793 755 1848 quecumque
777 1773 911 1831 Romana
930 1773 1038 1847 lugebit
1054 1775 1114 1828 hos·
1175 1801 1180 1810 ·

157 1849 177 1882 “
189 1849 274 1905 tem.”
343 1851 408 1910 'troii
422 1852 510 1910 visum
525 1853 554 1910 id
569 1843 679 1910 sac'inus
694 1853 824 1909 Patribus
838 1853 988 1926 plebique:
1009 1851 1059 1906 sed
1074 1869 1116 1906 re-

157 1946 226 1984 cens
240 1929 371 1986 meritum
387 1931 462 1988 facto
475 1933 622 1988 obstabat:
644 1943 739 1988 tamen
751 1942 846 2005 raptus
859 1930 887 1985 in
899 1930 945 2004 jus
959 1929 994 1984 ad
1010 1946 1115 2002 regern.

156 2006 235 2074 Rex,
250 2027 287 2064 ne
302 2007 361 2083 ipse
375 2021 433 2066 tarn
447 2010 533 2067 tristis
557 2011 715 2086 ingratique
740 2010 775 2064 ad
800 2009 899 2083 vulgus
921 2005 1032 2082 judicii,
1057 2015 1115 2077 aut,

157 2089 314 2142 secundum
327 2088 479 2162 judicium,
498 2087 629 2162 supplicii
654 2099 752 2144 auctor
776 2097 859 2156 esset,
884 2084 1006 2142 concilio
1020 2085 1150 2158 populiw

157 2163 301 2236 advocato,
317 2171 334 2200 ‘²
347 2165 546 2233 Duumviros,’'
559 2167 659 2240 inquit,
673 2177 690 2201 ‘⁶
703 2165 750 2240 qui
762 2165 882 2222 Horatio
894 2162 1116 2240 perduellionem

156 2246 173 2277 “
184 2243 324 2318 judicent,
339 2247 497 2302 secundum
511 2246 603 2319 legem
619 2227 748 2377 saoioatp
763 2243 823 2300 Lex
837 2228 967 2300 horreridi
982 2241 1117 2300 carminis
1127 2245 1137 2274 ’·’

156 2335 236 2378 erat:
278 2329 295 2356 “
309 2323 457 2380 Duumviri
473 2323 693 2398 perduellionem
706 2322 716 2397 j
740 2322 845 2378 dicent.
888 2321 919 2376 Si
934 2320 1117 2375 aduumviris

71 2448 73 2452 .
104 2447 107 2452 .
156 2403 175 2435 “
188 2402 354 2476 pror'ocdrit,
370 2403 567 2476 provocatione
582 2413 708 2457 certato:
740 2401 763 2456 si
788 2400 913 2469 vincent,
928 2409 1013 2470 caput
1027 2398 1117 2453 obnu-

156 2483 175 2515 “
189 2480 265 2536 bito:
287 2481 394 2537 infelici
408 2475 500 2538 arbitri
515 2492 588 2537 reste
610 2479 774 2554 suspendite
787 2498 793 2533 :
824 2477 972 2533 verberato
986 2475 1028 2530 uel
1044 2475 1151 2531 innuas
1186 2497 1188 2502 ·

157 2560 363 2632 “pomoerium
379 2560 421 2616 vel
436 2572 515 2616 extra
529 2558 725 2634 pomoerinm.”
748 2557 812 2614 Hac
824 2556 886 2630 lege
900 2554 1042 2610 duumviri
1057 2571 1117 2609 cre·

143 2639 195 2694 fati
213 2637 271 2710 (qui
287 2657 317 2694 se
332 2638 477 2695 absolvere
491 2658 547 2694 non
563 2639 697 2694 rebantur
711 2636 747 2692 eri
760 2636 833 2710 lege,
849 2633 1042 2690 neinnoxiunr
1057 2632 1118 2706 qui-

157 2717 233 2781 dem,
244 2719 338 2794 posse)
350 2735 435 2790 quum
446 2717 684 2774 condemnassent
697 2736 703 2784 ;
718 2727 778 2771 tum
790 2715 859 2770 alter
871 2733 906 2769 ex
918 2713 972 2778 hisi
987 2717 1004 2745 “
1014 2710 1044 2767 P.
1059 2711 1118 2766 Ho-

157 2799 176 2830 “
188 2795 251 2866 rati,
267 2796 317 2851 tibi
332 2796 552 2870 perduellionem
565 2795 692 2870 judico‚''
708 2793 807 2868 inquit.
839 2795 856 2826 “
870 2791 894 2855 I,
909 2791 1000 2856 lictor,
1015 2789 1118 2863 colliga

157 2875 287 2932 manus''
338 2878 504 2930 Accesserat
518 2873 607 2944 lictor,
633 2872 837 2948 injiciebatque
857 2870 997 2942 laqueum.
1039 2865 1152 2944 Tum³0

77 2949 79 2958 ’
118 2959 120 2964 “
157 2953 304 3019 Horatius
320 2964 434 3009 auctore
449 2951 545 3024 Tullo,
560 2951 700 3008 clemente
716 2951 786 3026 legis
808 2941 970 3022 interprete,
991 2951 1008 2980 “
1019 2946 1119 3004 Provo-

158 3033 220 3100 co,’'
238 3032 346 3104 inquit:
371 3032 410 3087 ita
423 3032 459 3087 de
474 3031 672 3104 prouocatione
694 3028 832 3086 certatum
857 3028 893 3082 ad
918 3026 1050 3100 populum
1066 3037 1117 3082 est.

159 3110 231 3166 Moti
247 3111 376 3165 homines
391 3121 456 3166 sunt
471 3111 498 3166 in
514 3129 548 3166 eo
570 3109 689 3184 judicio,
715 3106 836 3162 maximo
860 3105 891 3162 P.
907 3105 1027 3160 Horatio
1041 3115 1119 3177 patre

157 3187 360 3265 proclamante,
371 3209 400 3246 se
411 3189 495 3244 filiam
502 3191 565 3264 jure
575 3206 676 3244 oaesarn
683 3187 827 3262 judicare:
842 3184 871 3240 ni
884 3185 923 3241 ita
934 3193 1017 3247 esset,
1030 3183 1120 3256 patrio

155 3269 219 3344 jure
246 3269 273 3323 in
299 3268 386 3326 filiurn
403 3267 663 3324 animadversurum
686 3265 779 3321 fnisse.
822 3263 929 3320 (trabat
954 3261 1068 3332 deinde,
1084 3268 1154 3316 ne³b

158 3367 199 3412 se,
215 3367 297 3420 quern
313 3345 396 3421 paulo
408 3347 472 3403 ante
484 3365 550 3402 cum
562 3345 673 3422 egregii
687 3345 774 3417 stirpe
784 3345 1008 3417 conspexissent,
1020 3341 1120 3396 orbum

119 3453 122 3460 ·
158 3425 256 3483 liberis
271 3425 407 3482 lacerent.
442 3425 594 3500 Interhaec
606 3442 703 3494 senex,
716 3423 849 3497 juvenem
865 3423 1020 3496 amplexus,
1032 3419 1121 3490 spolia

159 3505 353 3562 Curiatiorum
369 3505 424 3560 fixa
438 3524 472 3560 eo
486 3505 557 3572 loco,
580 3503 627 3576 qui
643 3519 720 3558 nunc
746 3501 808 3556 Pila
823 3499 942 3557 Horatia
956 3496 1119 3569 appellatur,

86 3613 88 3618 ¹
158 3595 314 3651 ostentans,
342 3582 559 3650 “Hunccine”
587 3581 691 3652 aiebat,
721 3581 835 3654 “quem
858 3577 1121 3634 mododecoratum
1149 3597 1154 3612 ‚

159 3667 177 3699 “
189 3675 377 3736 ovantemque
389 3663 502 3719 victorii
514 3661 695 3718 incedentem
713 3659 830 3727 vidistis
844 3658 983 3723 Quirites,
993 3672 1058 3727 erim
1069 3654 1121 3709 sub
1131 3664 1157 3702 4⁰

160 3747 184 3778 “
195 3741 276 3800 surcai
291 3743 418 3799 vinctum
433 3742 506 3796 inter
520 3740 638 3795 verbera
661 3750 690 3794 et
712 3738 856 3796 cruciatus
871 3738 966 3794 videre
980 3733 1120 3806 potestis?

159 3824 264 3898 “,quod
281 3823 325 3878 vix
342 3821 518 3878 Albanorum
533 3817 608 3876 oculi
624 3829 680 3874 tam
695 3818 821 3876 desornie
843 3813 1041 3892 spectaculum
1049 3810 1122 3868 ferre
