2620 4220
145 353 205 414 25⁴
535 353 604 402 ΤΙΠ
620 352 705 402 mm

146 496 167 530 ‘⁴
176 493 271 552 Vultis
282 491 338 550 boo
351 504 496 550 certamen
511 493 646 550 uxoribus
658 493 759 550 restris
772 492 902 567 injicere,
917 493 1062 565 Quirites,
1077 511 1112 556 ut

147 573 166 608 ‘⁴
177 571 278 628 divites
291 571 320 627 id
333 571 438 627 babere
452 571 547 640 velint,
567 571 641 644 quod
662 571 741 626 nulla
761 571 816 626 alia
829 573 936 645 possit;
957 592 1110 649 pauperes,

146 651 214 704 “ne
234 650 272 706 ob
292 649 347 705 hoc
367 649 458 721 ipsum
488 657 716 718 wotemnautnr,
745 665 831 721 supra
857 649 932 705 rire·
959 669 990 706 se
1010 665 1112 708 exten·

146 727 269 782 “dantl
323 725 389 794 Nae,
420 725 503 781 simul
531 725 648 799 podere,
676 725 756 798 quod
781 744 838 780 non
866 737 985 800 oportet,
1013 747 1112 803 coepe-

147 803 223 875 “rit,
252 803 326 880 quod
356 813 474 876 oportet,
502 821 559 858 nou
589 803 714 876 pudebit.
765 801 843 862 Que
864 804 973 860 deson
995 808 1111 878 poterit,
1134 821 1149 859 ⁵

147 885 166 916 66
267 881 273 892 '
301 899 309 912 ι
601 880 607 890 '
683 879 689 889 ¹
877 881 883 890 ’
1003 884 1010 893 ’

148 881 265 1014 Ριῗηδ
266 893 404 1028 “4113ss
424 889 770 1030 imiimi.
787 879 942 1030 '‘q'llblo
968 881 1113 1016 {¹333

148 1041 168 1074 “
179 1035 248 1092 erit!
268 1053 365 1109 quum,
378 1034 453 1108 quod
474 1034 534 1108 ipse
548 1051 605 1090 non
619 1033 738 1102 dederit,
762 1034 859 1089 datum
874 1035 911 1089 ab
923 1035 979 1091 alio
992 1036 1112 1093 videbit.

114 1169 121 1180 ,
148 1119 167 1151 “
180 1112 268 1168 Nunc
282 1110 366 1186 valgd
378 1111 486 1166 alienos
508 1111 581 1167 viros
601 1121 711 1184 rogent,
735 1121 774 1175 et,
795 1111 870 1184 quod
890 1113 982 1186 majus
994 1123 1049 1183 est,
1071 1115 1113 1170 le·

148 1197 166 1228 ‘-
179 1207 244 1264 gem
258 1199 287 1245 et
300 1189 435 1262 suffragia
446 1199 557 1263 rogant,
580 1199 609 1243 et
622 1207 639 1243 a
651 1187 820 1260 quibusdam
835 1188 997 1262 impetrant,
1013 1191 1114 1247 adver·
1123 1203 1150 1243 ro

149 1275 228 1322 “sus
241 1279 279 1336 te,
292 1277 322 1322 et
345 1283 404 1322 rem
417 1275 506 1336 tuam,
526 1276 555 1321 et
568 1265 671 1320 liberos
691 1275 755 1320 tuos
778 1265 974 1322 inexorabiles
1017 1268 1113 1326 Simul

149 1351 168 1384 “
181 1343 226 1400 lex
240 1344 354 1400 modum
369 1343 526 1416 sumptibus
540 1343 637 1398 uxoris
650 1352 709 1397 tue
731 1341 825 1398 facere
845 1343 971 1414 desierit,
984 1361 1014 1400 tu
1036 1365 1114 1402 nun-

150 1429 265 1494 “qusm
292 1421 387 1476 facies.
442 1419 538 1475 Nolite
557 1420 659 1476 eodem
685 1419 749 1475 loco
768 1419 938 1489 existimare,
968 1419 1113 1495 Quirites,

151 1509 170 1540 “
183 1497 305 1553 suturam
320 1515 389 1565 rem,
403 1515 459 1570 qno
473 1496 533 1566 suit,
548 1507 699 1570 antequam
712 1495 759 1552 lex
771 1497 809 1552 de
823 1498 877 1554 hoc
891 1498 1019 1555 serretur.
1062 1501 1113 1568 Et,

151 1585 170 1619 ‘⁴
184 1575 326 1630 bominem
342 1574 499 1648 improbum
514 1593 570 1630 non
592 1574 730 1639 accusari,
753 1575 842 1630 tutius
855 1585 907 1644 est,
921 1577 1006 1650 quim
1020 1578 1115 1635 absol·
1125 1589 1151 1630 ta

151 1662 170 1696 ‘c
183 1652 227 1706 ri:
249 1663 277 1706 et
290 1651 399 1706 luxuria
412 1669 469 1707 non
485 1661 560 1707 mota
573 1651 743 1707 tolerabilior
756 1655 839 1719 esset,
850 1653 936 1726 quiam
947 1654 1001 1710 erit
1021 1673 1113 1728 nunc,

150 1728 250 1802 “ipsis
271 1728 401 1793 vinculis,
430 1729 505 1784 sicut
530 1728 590 1784 sera
615 1729 715 1799 bestia,
736 1729 852 1800 irritata,
872 1731 977 1787 deinde
997 1734 1114 1790 emissa.

151 1819 169 1852 ‘c
182 1803 244 1880 Ego
258 1805 336 1861 nullo
350 1805 433 1862 modo
446 1806 637 1881 abrogandam
662 1806 755 1880 legem
772 1807 895 1880 Oppiam
908 1827 1031 1866 censeo:
1064 1829 1115 1868 ros

151 1897 170 1929 u
181 1884 255 1958 quod
270 1883 373 1950 faxitis,
389 1882 465 1940 Deos
479 1901 578 1940 omnes
591 1883 733 1940 fortunare
746 1885 861 1940 velim.”

191 2039 227 2096 V.
262 2039 328 2096 Post
341 2039 403 2095 hec
416 2040 522 2096 tribuni
542 2057 652 2113 quoque
671 2039 773 2115 plebei,
794 2042 842 2114 qui
862 2061 894 2098 se
907 2043 1151 2101 intercessurosso

153 2117 270 2192 professi
284 2129 375 2189 erant,
388 2137 473 2191 quum
488 2135 580 2192 pauco
598 2118 627 2174 in
652 2119 782 2174 eamdem
806 2121 976 2176 sententiam
991 2121 1116 2196 adjecis-

153 2205 235 2264 sent;
266 2207 325 2251 tunt
340 2195 373 2251 L.
388 2196 520 2252 Valerius
532 2213 582 2269 pro
595 2195 740 2271 rogatione
762 2197 798 2251 ab
822 2217 852 2253 se
876 2199 1050 2272 promulgate
1074 2200 1116 2256 ita

153 2273 294 2329 disseruit.
335 2273 398 2329 “Si
420 2274 518 2347 privati
540 2275 735 2330 tantummodo
757 2275 791 2330 ad
806 2276 982 2332 suadendum
1004 2277 1115 2333 dissua-

151 2351 171 2386 “
183 2351 364 2423 dendumque
376 2351 416 2420 id,
430 2351 503 2424 quod
515 2369 531 2406 a
541 2351 622 2407 nobis
630 2362 752 2426 rogatur,
762 2353 975 2426 processissent,
983 2373 1038 2428 ego
1045 2373 1116 2428 quo-

151 2431 171 2463 “
181 2445 248 2502 que,
261 2446 348 2501 quum
363 2428 545 2484 satisdictum
557 2447 607 2503 pro
618 2433 735 2503 utraque
743 2441 821 2503 parte
832 2431 1033 2497 existimarem,
1043 2433 1115 2489 taci-
1123 2447 1152 2486 25

151 2509 226 2562 “tus
240 2505 374 2581 suffragia
389 2517 478 2562 vestra
492 2510 709 2581 exspectdssem.
738 2507 836 2574 Nunc,
851 2527 937 2582 quum
951 2509 994 2565 vir
1007 2511 1116 2584 gravis·

151 2588 170 2620 “
181 2585 278 2650 simus,
293 2584 391 2640 consul
407 2583 448 2642 M.
464 2584 591 2657 Porcius,
599 2603 656 2641 non
666 2586 832 2642 auctoritate
843 2585 1016 2660 solumque
1026 2589 1116 2644 tacita

106 2727 110 2732 ¹
151 2667 169 2700 “
181 2663 249 2719 satis
263 2663 401 2719 momenti
414 2663 566 2728 habuisset,
577 2663 626 2718 sed
635 2664 761 2719 oratione
770 2665 854 2719 etiam
865 2664 947 2738 longi
956 2675 985 2720 et
997 2684 1116 2721 accura-

151 2747 171 2780 “
181 2741 211 2797 td
226 2741 380 2797 insectatus
395 2741 431 2796 sit
444 2741 618 2814 rogationem
641 2753 773 2809 nostram,
792 2759 942 2797 necessum
957 2753 1001 2798 est
1013 2744 1116 2816 paucis

151 2825 171 2858 “
183 2819 370 2894 respondere:
391 2819 438 2892 qui
447 2829 543 2874 tamen
557 2817 637 2892 plura
645 2819 730 2874 verba
742 2819 770 2874 in
783 2819 956 2894 castigandis
966 2821 1114 2888 matronis,
1125 2836 1154 2875 ω

151 2895 267 2972 “qudm
296 2898 324 2953 in
347 2897 491 2972 rogatione
513 2896 608 2952 nostri
629 2896 826 2966 dissuadendi,
856 2899 1054 2972 consumpsit;
1085 2911 1117 2956 et

151 2976 296 3050 “quidem
312 2976 385 3032 utin
407 2974 494 3038 dubio
514 2983 640 3048 poneret,
656 2973 746 3030 utnim
769 2975 807 3043 id,
828 2975 903 3049 quod
925 2977 1118 3049 reprebende-

152 3061 171 3095 “
183 3064 233 3124 ret,
256 3065 391 3110 matrone
411 3054 461 3109 sui
482 3062 591 3127 sponte,
612 3070 647 3108 an
670 3051 752 3108 nobis
773 3053 945 3118 auctoribus,
968 3053 1115 3110 fecissent.

151 3131 259 3188 “Rem
273 3131 434 3200 delendam,
448 3149 504 3188 noo
519 3149 586 3198 nos;
621 3129 650 3186 in
663 3149 734 3204 quos
743 3130 814 3205 jecit
835 3132 924 3206 inagis
939 3132 992 3188 hoc
1013 3133 1115 3190 consul

151 3219 171 3254 “
182 3209 268 3266 verbo
281 3219 374 3280 tenus,
388 3208 472 3282 qudm
487 3221 518 3265 ut
531 3227 561 3264 re
582 3208 766 3264 insimularet.
808 3208 932 3276 Ooetum,
957 3219 986 3266 et
1000 3211 1154 3267 seditio-³5

151 3297 171 3333 (ἐ
183 3305 243 3358 nes,
258 3297 286 3344 et
301 3286 442 3343 interdum
462 3287 651 3344 secessionem
674 3287 840 3366 muliebrem
862 3288 1023 3362 appellavit,
1038 3286 1116 3362 qubd

152 3377 318 3422 “matrone
339 3365 368 3420 in
389 3364 503 3438 publico
523 3383 571 3420 vos
585 3366 740 3439 rogdssent,
762 3376 793 3421 ut
807 3365 911 3440 legem,
925 3366 954 3422 in
975 3384 1006 3422 se
1026 3367 1115 3423 latam

152 3455 172 3491 κ
183 3461 232 3522 per
247 3444 351 3500 bellurn
367 3443 539 3517 temporibus
552 3443 639 3509 duris,
662 3443 690 3500 in
711 3461 782 3517 pace
795 3454 824 3500 et
845 3443 962 3500 florente
981 3463 1015 3500 ac
1030 3445 1117 3501 beati

152 3522 330 3597 “republicd
357 3521 537 3596 abrogaretis.
580 3520 675 3589 Verba
696 3540 807 3596 magna,
828 3541 891 3595 quae
912 3523 953 3578 rei
975 3523 1115 3598 augendae

153 3613 172 3649 κ
184 3603 269 3656 causa
284 3601 494 3673 conquirantur,
509 3609 537 3654 et
551 3599 624 3668 haec,
637 3609 666 3654 et
679 3599 734 3655 alia
747 3619 810 3656 esse
824 3601 901 3656 scio:
930 3601 1015 3657 et=bl.
1029 3601 1116 3658 Cato·
1125 3617 1155 3656 tc

153 3693 172 3724 «ι
184 3697 250 3734 nem
264 3687 402 3734 oratorem
417 3695 473 3732 non
488 3675 578 3731 solum
592 3693 716 3749 gravem,
739 3678 788 3733 sed
804 3678 945 3734 interdurn
960 3679 1044 3734 etiarn
1059 3689 1117 3738 tru-

154 3767 172 3800 ‘t
185 3772 248 3810 cem
271 3773 332 3810 esse
354 3755 459 3810 scimus
480 3771 589 3823 omnes,
609 3771 695 3825 quum
721 3755 836 3828 ingenio
855 3757 890 3812 sit
911 3757 995 3812 mitis.
1037 3757 1115 3813 Nam
