2630 4228
155 315 214 378 180
570 313 640 368 'nrt
656 307 741 367 LlVIl

156 465 269 528 “atque
283 471 379 512 arcem
392 455 489 532 populi
509 455 646 524 Romani,
668 458 697 514 in
718 475 749 514 re
769 455 879 529 trepida
899 463 1007 512 tutatus
1027 465 1120 514 esset:

155 531 392 609 “collegiumque
406 535 519 592 adeam
542 551 601 591 rem
617 535 658 592 M.
673 534 777 591 Furius
791 535 913 590 dictator
934 533 1121 591 constitueret

155 617 219 664 “ex
234 609 276 678 iis,
291 613 339 683 qui
354 611 384 668 in
399 611 540 686 Capitolio
552 624 636 686 atque
651 631 717 668 arce
732 611 919 667 habitarent.''
962 610 1119 684 Expiandae

152 685 239 742 etiam
254 689 331 744 vocis
345 699 502 758 nocturne,
516 707 579 763 qua
593 690 694 746 nuntia
714 689 804 745 cladis
825 698 890 744 ante
911 687 1017 743 bellurn
1031 687 1119 744 Galli-

152 780 220 818 cum
249 765 346 822 audita
366 766 553 840 neglectaque
581 778 664 836 esset,
694 767 802 822 mentio
821 765 920 834 illata3
952 765 1155 840 jussumque⁵

152 840 290 914 templum
304 844 334 899 in
348 844 433 900 Nova
447 844 493 900 virt
507 845 563 919 Ajo
577 843 698 900 Locutio
712 844 782 900 fieri.
824 843 948 908 Aurum,
963 842 1038 914 quod
1052 842 1119 898 Gal-

152 916 187 972 lis
201 930 330 992 ereptum
344 931 413 986 erat,
436 921 567 994 quodque
590 939 627 977 ex
650 921 712 977 aliis
735 919 849 995 templis
869 919 943 975 iuter
957 919 1119 992 trepidatio·

152 1012 221 1050 nem
236 997 266 1050 in
281 996 359 1054 Jovis
373 997 474 1054 cellam
489 998 633 1065 collatum,
658 1017 755 1072 quum,
770 998 802 1054 in
814 1015 876 1070 quae
891 995 990 1052 referri
1010 1007 1119 1070 oporte-

151 1081 204 1142 ret,
219 1073 339 1130 confusa
353 1075 489 1132 memoria
502 1086 585 1145 esset,
600 1093 714 1132 sacrum
727 1093 813 1131 omne
829 1073 998 1149 judicatum,
1023 1085 1052 1130 et
1065 1073 1118 1129 sub

152 1147 233 1204 Jovis
247 1152 315 1206 sella
339 1153 406 1227 poni
431 1153 550 1228 jussum.
592 1151 658 1208 Jam
680 1150 748 1208 ante
770 1151 800 1207 in
820 1169 855 1207 eo
874 1149 975 1225 religio
995 1150 1118 1207 civitatis
1128 1163 1153 1204 lt

151 1239 330 1299 apparuerat,
354 1227 438 1303 quod,
460 1249 547 1303 quum
570 1231 599 1286 in
614 1229 729 1304 publico
742 1229 854 1285 deesset
874 1245 986 1299 aurum,
1006 1243 1118 1302 exque

151 1321 264 1378 summa
277 1317 368 1380 pactae
378 1307 523 1365 mercedis
537 1307 628 1363 Gallis
641 1306 787 1372 confieret,
797 1325 820 1362 a
833 1305 969 1362 matronis
983 1305 1118 1363 (stillatum¹

150 1395 332 1455 acceperant,
360 1395 391 1440 ut
411 1401 493 1442 sacro
519 1403 588 1440 auro
608 1384 806 1440 abstineretur.
859 1381 999 1439 Matronis
1019 1383 1117 1458 gratiae

151 1468 233 1524 actae,
249 1459 393 1534 bonosque
414 1461 537 1527 additus,
552 1471 583 1517 ut
596 1469 703 1527 earum,
718 1460 794 1517 sicut
807 1460 939 1532 virorum,
960 1471 1026 1534 post
1044 1475 1118 1518 mor·

149 1543 207 1589 tem
222 1538 348 1594 solennis
361 1538 486 1594 laudatio
499 1545 583 1595 essa't.
623 1537 666 1594 ¹Iis
680 1537 812 1614 peractiS,
836 1557 899 1611 quae
913 1538 949 1593 ad
964 1537 1042 1594 Deos
1055 1549 1152 1612 per-1⁵

150 1610 290 1680 tinebant,
312 1634 431 1690 quaeque
452 1633 502 1690 por
523 1627 653 1672 senatum
668 1615 714 1690 agi
734 1625 881 1690 poterant3
915 1625 975 1671 tum
990 1615 1116 1684 demum,

150 1687 324 1761 agitantibus
338 1692 460 1748 tribunis
473 1693 585 1767 plebem
600 1693 721 1752 assiduis
742 1693 940 1759 concionibus,
955 1703 995 1759 ut,
1010 1693 1117 1750 relictis

149 1764 249 1839 ruinis,
264 1769 294 1826 in
309 1770 407 1826 urbem
422 1781 558 1844 paratam,
581 1770 679 1846 Vejos‚
689 1765 944 1844 transmigrarent,
958 1771 988 1848 in
1003 1771 1118 1828 concio·

149 1859 226 1911 nem,
242 1847 373 1905 universo
386 1859 487 1912 senatu
501 1859 699 1923 prosequente,
723 1848 862 1915 escendit,
873 1857 963 1922 'atque
978 1848 1018 1904 ita
1031 1849 1117 1905 rerba

150 1917 237 1978 fecit:
1124 1935 1151 1976 aa

190 2078 240 2140 LI.
275 2083 388 2142 “Adeo
416 2085 486 2144 mihi
508 2085 619 2144 acerbae
640 2093 717 2152 sunt,
745 2082 887 2151 Quirites,
918 2081 1116 2140 contentiones

148 2153 168 2187 “
177 2175 244 2216 cum
258 2162 379 2219 tribunis
392 2163 492 2236 plebis,
506 2175 538 2220 ut
552 2161 773 2220 nec-tristissimi
787 2161 879 2221 exsilii
893 2160 1024 2218 solatium
1039 2159 1115 2216 aliud

148 2231 168 2264 “
177 2237 336 2310 habuerim,
360 2240 452 2312 quoad
475 2241 580 2296 'Ardeae
601 2240 669 2310 rixi,
690 2239 775 2312 quam
795 2237 871 2312 qudd
895 2237 994 2312 procul
1015 2237 1051 2292 ab
1072 2237 1116 2293 his

148 2307 381 2372 “certaminibus
395 2335 489 2373 eram:
510 2327 540 2374 et
552 2317 589 2373 ob
602 2317 703 2373 eadem
718 2317 791 2383 haea,
805 2335 874 2382 non,
887 2315 912 2396 gi
926 2332 972 2370 me
986 2313 1116 2370 senatlls·

148 2386 168 2419 “
177 2391 308 2448 consulto
330 2393 483 2466 populique
510 2394 591 2470 jussu
619 2393 798 2463 revocaretis,
827 2392 970 2449 rediturus
990 2403 1150 2466 unquamaa

147 2463 167 2498 “
177 2466 289 2524 luerim.
330 2469 396 2528 Nec
410 2489 488 2527 nunc
500 2491 556 2538 me,
572 2483 603 2528 ut
618 2473 751 2543 redirem,
775 2489 840 2528 mea
854 2469 983 2526 voluntas
997 2481 1114 2536 mutata,

147 2540 167 2575 “
177 2547 227 2602 sed
243 2547 461 2605 vestra.fortuna
474 2550 617 2624 perpulit:
638 2549 753 2624 quippe,
775 2563 807 2605 ut
827 2549 858 2604 in
872 2551 922 2604 sub
937 2547 1005 2604 sede
1019 2565 1116 2604 mana-

147 2618 167 2652 “
178 2634 222 2680 ret
235 2625 334 2699 patria,
349 2625 378 2682 id
400 2627 555 2702 agebatur;
590 2647 648 2684 non
675 2638 706 2683 ut
727 2644 782 2702 ego
797 2625 893 2698 utiquc
912 2625 942 2682 in
956 2625 1048 2699 patria
1072 2643 1115 2681 es·

147 2697 167 2731 “
178 2721 259 2758 sem:
293 2714 323 2760 et
337 2723 415 2760 nunc
435 2706 613 2778 quiescerem
627 2723 662 2761 ac
676 2715 801 2761 tacerem
826 2703 956 2772 libenter,
976 2701 1032 2758 nisi
1053 2703 1115 2758 hac

147 2775 166 2810 “
175 2798 286 2854 quoque
301 2800 351 2854 pro
371 2782 463 2855 patria
483 2783 630 2840 dimicatio
640 2793 733 2851 esset;
765 2781 813 2837 cui
827 2781 937 2852 deesse,
951 2780 1044 2852 quoad
1058 2780 1148 2836 vitaau

147 2853 166 2889 “
176 2869 316 2932 suppetat,
331 2858 394 2914 aliis
407 2869 499 2932 turpe,
513 2860 635 2916 Camillo
653 2859 738 2916 etiam
753 2858 834 2914 nefas
848 2869 899 2914 est.
940 2857 1023 2918 Quid
1036 2857 1114 2914 euim

148 2931 365 3009 “repetiimusl
399 2937 467 3009 quid
487 2937 635 2993 obsessam
656 2955 693 2992 cx
716 2936 839 2992 hostium
858 2935 992 2991 manibus
1012 2935 1116 3008 eripui·
1178 2983 1184 2988 .

148 3008 249 3084 “mus‚
263 3013 287 3069 si
301 3025 497 3088 recuperatam
518 3013 570 3088 ipsi
591 3013 769 3069 deserimusl
794 3022 823 3068 et
842 3031 938 3086 quum,
960 3011 1115 3068 victoribus

146 3086 166 3122 “
176 3089 276 3161 Gallie,
298 3092 383 3164 capta
406 3093 463 3148 tota
492 3091 571 3162 urbe,
593 3089 767 3164 Capitolium
794 3100 891 3146 tamen
913 3101 996 3163 atque
1017 3107 1114 3146 arcem

148 3165 282 3238 “Diique
302 3180 332 3222 et
352 3169 483 3225 homines
503 3167 629 3226 Romani
649 3167 803 3239 tenuerint,
818 3167 1025 3234 habitaverint;
1056 3167 1148 3223 vic-as

147 3243 284 3300 “toribus
298 3245 448 3318 Romanis,
462 3246 630 3320 recuperata
643 3245 724 3317 urbe,
745 3263 794 3300 arx
814 3261 925 3319 quoque
946 3255 976 3301 et
999 3244 1115 3318 Capito-

147 3321 167 3355 “
176 3321 246 3377 lium
261 3322 407 3379 deseretur
419 3325 442 3396 ly
460 3334 489 3380 et
501 3324 565 3398 plus
588 3322 725 3379 vastitatis
739 3322 807 3378 huic
831 3321 894 3378 urbi
909 3323 1038 3378 secunda
1051 3340 1115 3379 nos·

149 3398 220 3455 “tra
234 3398 347 3458 fortuna
359 3399 454 3467 saciet,
468 3400 553 3473 quam
575 3401 692 3458 adversa
713 3399 803 3456 secitl
844 3399 997 3473 Equidem,
1021 3399 1046 3455 si
1065 3417 1115 3456 no·

147 3476 221 3532 “bis
237 3497 302 3533 cum
317 3478 387 3534 urbe
401 3477 485 3534 simul
499 3479 597 3552 posita
612 3479 779 3552 traditaque
786 3495 837 3552 per
847 3495 950 3534 manus
961 3477 1114 3552 religiones

147 3555 261 3610 “nullae
275 3567 381 3622 essent,
406 3566 502 3612 tamen
525 3566 582 3612 tam
607 3552 724 3612 evidens
744 3573 852 3612 numen
873 3555 928 3610 bac
945 3565 1150 3629 tempestatem

147 3633 261 3688 “rebus
276 3633 356 3692 alluit
370 3633 519 3703 Romanis,
543 3643 574 3690 ut
587 3651 701 3690 omnem
724 3631 929 3708 negligentiam
951 3632 1040 3688 divini
1055 3631 1114 3688 cul·

146 3711 219 3768 “tas
233 3723 394 3786 exemptam
416 3711 579 3770 hominibus
591 3721 698 3786 putem.
740 3709 898 3768 Intuemini
918 3709 997 3768 enim
1011 3710 1113 3768 horum
