2630 4228
523 347 630 402 LIBER
646 351 690 402 tv,
722 365 833 429 carin.
1107 355 1165 416 1⁰9

197 505 217 534 ‘⁸
226 491 389 564 Pontifices,
415 511 545 568 augures,
571 493 697 562 Romulo
724 504 873 568 regnante,
897 491 969 550 nulli
997 504 1095 553 erant:
1126 496 1164 554 ab

198 573 325 630 “Numa
348 572 487 646 Pompilio
510 565 598 628 creati
622 583 699 630 sirnt.
740 573 854 629 Census
868 572 897 628 in
921 571 1045 644 civitate,
1066 585 1095 631 et
1115 574 1164 630 de-

155 663 157 668 '
198 651 341 726 “scriptio
355 651 549 708 centuriarum
564 651 763 725 classiumque,
780 670 835 706 non
851 661 932 708 erat:
964 651 1000 706 ab
1015 652 1076 708 Ser.
1091 651 1164 709 Tul·

155 769 157 774 -
198 739 217 766 ‘⁶
226 730 264 788 lio
277 743 321 786 est
335 729 419 788 sacta.
460 729 602 786 Consules
616 748 761 803 nunquam
775 728 886 786 luerent
898 748 905 786 :
919 729 1034 804 regibus
1044 729 1163 801 exactis,

174 818 217 863 ε’·
227 809 313 866 creati
328 819 403 865 sunt.
445 807 600 864 Dictatoris
613 826 669 864 nec
691 807 841 882 imperium
863 811 918 864 nec
933 826 1038 864 nomen
1053 807 1163 866 suerat:

198 887 300 962 “apud
316 901 410 962 patres
423 905 487 942 esse
498 885 593 960 coepit.
623 885 748 942 Tribuni
763 885 863 960 plebis,
879 886 986 957 aediles,
1000 897 1164 960 questorea,

197 961 296 1022 “nulli
311 976 411 1022 erant:
434 965 593 1024 institutum
608 975 661 1035 est,
678 976 707 1020 ut
721 963 830 1034 fierent.
853 963 1039 1020 Decemviros
1052 963 1164 1039 legibus

197 1043 385 1101 “scribendis
399 1043 473 1100 intra
486 1043 653 1104 decembos
665 1061 755 1099 annos
767 1053 797 1100 et
810 1042 978 1111 creavimus,
990 1053 1018 1099 et
1032 1061 1049 1098 e
1063 1043 1166 1117 repub·

198 1133 216 1160 “
226 1123 282 1180 licit
296 1121 476 1180 sustulimus·
512 1119 590 1181 Quis
604 1120 725 1191 dubitat,
733 1120 813 1194 quin,
825 1119 855 1176 in
867 1131 1004 1176 aeteruum
1016 1120 1086 1178 urbe
1097 1139 1165 1178 con-

164 1219 188 1258 ro
198 1210 217 1238 ‘⁸
226 1201 294 1269 dits,
308 1201 336 1256 in
348 1200 519 1256 immensum
531 1210 689 1268 crescente,
701 1217 774 1255 nova
783 1198 911 1272 imperia,
919 1199 1087 1267 sacerdotia,
1099 1199 1166 1274 jura

198 1289 217 1316 ‘⁴
226 1279 354 1354 gentium
370 1277 573 1350 hominumque
585 1277 791 1334 instituantur?
815 1275 879 1333 Iloc
891 1276 993 1352 ipsum,
1004 1295 1041 1333 ne
1055 1295 1165 1334 connu-

198 1358 304 1414 “bium
333 1356 462 1415 Patribus
483 1374 549 1412 cum
570 1355 653 1430 plebe
674 1366 759 1427 esset,
783 1374 841 1412 non
862 1355 1016 1412 decemviri
1038 1355 1166 1414 tulerunt

198 1435 325 1510 “paucis
347 1435 390 1491 his
417 1434 502 1490 annis
523 1434 645 1508 pessimo
665 1433 796 1508 exemplo
816 1432 941 1508 publico,
964 1451 1030 1490 cum
1052 1434 1165 1492 sumina

104 1543 108 1550 -
198 1522 217 1550 ⁸·
228 1513 328 1589 injuriet
343 1510 456 1588 plebisl
497 1512 545 1568 An
560 1531 623 1568 esse
645 1511 702 1568 ulla
725 1511 814 1588 major
828 1523 877 1568 aut
891 1511 1052 1586 insignitior
1066 1523 1167 1568 contu-

164 1592 311 1650 15“melia
326 1601 426 1666 potest,
441 1589 526 1665 quam
546 1600 654 1665 partem
675 1590 807 1660 civitatis,
831 1589 908 1648 velut
931 1589 1165 1663 contaminatam,

198 1669 373 1744 “indignam
401 1668 547 1726 connubio
570 1668 693 1726 haberit
734 1667 816 1730 Quid
841 1679 886 1726 est
909 1668 997 1739 aliud,
1018 1666 1103 1744 quam
1117 1687 1167 1726 ex·

198 1749 320 1804 “silium
343 1747 417 1804 intra
442 1747 544 1804 eadem
579 1747 693 1816 maenia,
725 1747 812 1822 quam
842 1747 1056 1822 relegationem,
1078 1747 1164 1822 petil

198 1825 274 1882 “Ne
295 1825 490 1896 affinitatibus,
512 1845 548 1882 ne
577 1825 834 1900 propinquitatibus
864 1825 1086 1896 immisceamur,
1101 1839 1102 1842 ’
1118 1845 1167 1884 ca-

198 1911 312 1971 “vent;
347 1923 384 1961 ne
412 1904 536 1962 societur
560 1903 685 1979 sanguis.
725 1903 830 1974 Quidl
866 1905 920 1960 hoc
944 1905 968 1960 si
996 1904 1097 1979 polluit
1117 1923 1167 1961 no·

162 1983 364 2040 w‘bilitatem
399 1981 481 2038 istam
517 1993 647 2053 vestram,
691 1999 776 2057 quam
811 1982 938 2057 plerique
978 1982 1092 2039 oriundi
1127 2001 1165 2040 ex

198 2061 350 2118 “Albanis
376 2070 405 2116 et
426 2059 552 2131 Sabinis,
583 2079 640 2117 nou
662 2079 768 2136 genere
790 2079 846 2118 nec
872 2061 1023 2134 sanguine,
1045 2061 1095 2117 sed
1116 2080 1167 2136 per

199 2149 217 2176 “
227 2140 435 2214 cooptationem
452 2138 479 2195 iu
497 2138 593 2196 Patres
614 2139 735 2210 habetis,
757 2149 806 2195 aut
820 2139 856 2194 ab
879 2138 995 2213 regibus
1016 2139 1092 2210 lecti,
1118 2152 1168 2197 aut

199 2227 291 2292 “post
306 2237 388 2292 reges
401 2228 516 2274 exactos
537 2217 618 2292 jussu
638 2217 752 2290 populi;
784 2216 925 2274 sinceram
950 2235 1062 2273 servare
1076 2217 1167 2292 priva-

199 2306 219 2334 ⁴⁴
229 2295 265 2352 tis
279 2295 406 2352 consiliis
427 2314 483 2351 non
504 2294 649 2370 poteratis,
670 2313 726 2351 uec
747 2295 881 2352 ducendo
901 2313 936 2351 ex
957 2294 1051 2370 plebe,
1073 2313 1167 2370 neque

162 2392 190 2432 aa
200 2385 218 2411 ‘⁶
230 2379 335 2430 uestras
349 2373 420 2430 filias
434 2391 599 2447 sororesque
614 2373 740 2430 enubere
755 2373 876 2430 sinendo
889 2392 905 2429 e
922 2373 1073 2430 Patribusl
1107 2375 1168 2432 Ne-

200 2463 275 2508 “mo
288 2451 417 2526 plebejus
431 2451 557 2526 patriciae
573 2451 674 2526 virgini
689 2452 745 2508 vim
760 2451 891 2510 afferret:
914 2451 1096 2526 patriciorum
1112 2453 1167 2510 iata

200 2529 317 2586 “libido
329 2541 391 2586 est:
412 2548 499 2602 nenio
512 2527 632 2585 invitum
648 2531 810 2603 pactionem
825 2529 980 2604 nuptialem
995 2549 1168 2606 quemquam

199 2606 323 2664 “secere
337 2607 488 2682 coegisset.
532 2604 643 2664 Verbm
665 2608 812 2665 enimvero
829 2608 893 2682 lege
918 2608 946 2663 irl
968 2608 1124 2680 prohiberi,
1138 2620 1169 2667 et

199 2697 218 2723 ‘⁸
228 2685 404 2742 connubium
418 2685 476 2741 tolli
499 2685 614 2742 Patrum
636 2705 671 2742 ac
685 2686 786 2760 plebis,
806 2685 834 2741 id
849 2686 965 2741 demum
980 2687 1169 2744 contumelio-

163 2783 190 2823 ω
200 2775 290 2820 “sum
305 2763 380 2840 plebi
395 2775 456 2820 est:
478 2783 529 2820 cur
543 2764 621 2820 enim
636 2783 693 2821 non
712 2763 856 2832 confertis,
882 2782 919 2818 ne
942 2762 978 2820 sit
990 2765 1168 2822 connubium

200 2843 362 2902 “divitibus
386 2861 421 2898 ac
445 2842 640 2916 pauperibusl
680 2841 769 2902 Quod
792 2842 961 2917 privatorum
982 2843 1168 2901 consiliorum

200 2922 333 2996 “ubique
360 2939 472 2996 semper
500 2921 561 2990 luit,
590 2935 629 2990 ut,
657 2921 687 2978 in
715 2940 800 2996 quam
830 2920 934 2994 cuique
956 2920 1080 2977 soeminei
1101 2940 1169 2978 con-

200 3000 351 3056 “venisset
372 2999 497 3068 domum,
513 2999 654 3068 nuberet3
675 3019 711 3056 ex
725 3000 781 3074 quel
802 3011 903 3074 pactus
916 3009 991 3055 esset
1011 2999 1053 3055 vir
1073 3000 1168 3072 domo,

200 3077 256 3134 “in
273 3077 483 3135 matrimonium
505 3077 642 3148 duceret3
678 3078 706 3136 id
732 3097 780 3134 vos
804 3079 858 3134 sub
871 3077 943 3154 legis
957 3078 1168 3152 superbissimae

163 3175 190 3214 aa
200 3167 218 3194 “
229 3156 342 3214 vincula
363 3155 514 3232 conjicitis,
529 3159 585 3231 qua
606 3157 745 3214 dirimatis
766 3156 931 3213 societatem
946 3157 1069 3226 civilem,
1085 3159 1169 3216 duas-

199 3245 282 3308 “que
296 3254 331 3291 ex
348 3236 404 3291 una
419 3235 534 3292 civitate
549 3234 669 3292 faciatis.
712 3235 772 3291 Cur
787 3253 844 3291 non
859 3235 987 3308 sancitis,
1003 3256 1039 3293 ne
1054 3237 1167 3294 vicinus

200 3312 350 3387 “patricio
363 3313 399 3370 sit
413 3313 564 3388 plebejusl
587 3331 624 3369 ne
638 3313 738 3370 eodem
752 3313 853 3370 itinere
867 3316 937 3370 eatl
960 3333 997 3370 ne
1009 3314 1085 3372 idem
1099 3333 1169 3372 con·

200 3391 334 3448 “rivium
351 3391 450 3448 iueetl
476 3411 512 3447 ne
527 3391 557 3448 in
578 3391 639 3448 loro
659 3392 760 3448 eodem
782 3392 941 3450 consistatl
980 3391 1064 3453 Quid
1089 3394 1168 3450 enim

200 3470 258 3526 “in
280 3490 310 3527 re
324 3483 368 3527 est
382 3471 469 3540 aliud,
483 3471 506 3525 si
521 3469 662 3544 plebejam
676 3470 813 3545 patricius
826 3471 949 3543 duxerit,
974 3471 998 3527 si
1019 3472 1169 3546 patriciam

164 3549 379 3623 to“plebejusl
399 3549 466 3622 quid
478 3547 549 3623 juris
564 3548 681 3604 tandem
702 3551 848 3606 mutaturi
883 3568 987 3624 nempe
1001 3561 1109 3623 patrem
1124 3569 1168 3606 se-

200 3636 220 3663 ⁸⁴
229 3639 354 3701 quuntur
368 3627 449 3684 liberi
461 3645 468 3682 :
490 3645 554 3694 nec,
566 3627 642 3700 quod
657 3647 710 3685 nos
722 3647 758 3684 ex
770 3627 914 3685 connubio
926 3641 1018 3684 vestro
1027 3638 1168 3702 petamus,

201 3706 382 3781 “quidquam
397 3720 449 3776 est,
464 3715 650 3780 praeterquam
666 3719 696 3764 ut
710 3706 868 3777 bominum,
883 3716 914 3762 ut
927 3705 1033 3762 civium
1048 3723 1169 3766 numero

512 3791 550 3846 10
