2620 4220
148 358 206 422 ιω
560 357 629 408 rrn
646 357 731 409 ιινιι

145 501 224 558 tellir
254 508 293 573 et,
306 517 393 575 quum
412 499 568 558 concilium
589 501 628 558 ibi
646 501 792 578 juvenum,
814 500 850 558 de
871 497 974 575 quibus
994 499 1111 562 allatum

145 589 212 648 erat,
235 578 400 651 invenisset,
421 579 519 636 stricto
543 599 627 654 super
648 581 742 655 capita
762 579 984 636 consultantium
1002 581 1111 655 gladio,

145 656 218 712 “Ex
238 656 294 712 mei
316 657 404 714 animi
425 657 598 730 sententia,”
618 658 719 732 inquit,
749 667 809 712 “ut
828 675 884 732 ego
903 659 1111 732 rempublicam

145 745 164 772 ⁴⁶
172 734 268 809 populi
283 734 411 792 Romani
424 752 481 792 non
505 736 643 805 deseram,
665 753 758 810 neque
779 735 866 792 alium
887 736 980 792 civem
1002 736 1111 794 Roma-

144 818 244 870 “num
264 813 395 870 deserere
416 813 515 887 patiar.
570 814 601 870 Si
623 814 719 870 sciens
740 813 816 885 fallo,
836 824 897 870 tu'm
918 833 974 880 me,
997 814 1110 890 Jupiter
1130 831 1146 871 s

144 890 290 966 “Optime
314 890 451 958 Maxime,
466 892 592 960 domurn,
614 891 749 948 familiam
753 909 892 980 ,remque
906 910 1007 948 meam¹
1021 893 1110 967 pessi-

144 968 428 1026 “moletoafficiasl
470 969 505 1026 In
520 970 740 1037 haecverba,L.
753 937 889 1036 bracili,
879 988 966 1045 jures,
988 971 1109 1045 postulo,

144 1047 335 1122 caeterique,
349 1065 396 1121 qur
389 1047 535 1104 adestis
556 1067 604 1123 qur
619 1067 676 1105 non
688 1047 834 1124 Juraverrt
859 1048 888 1104 in
913 1066 943 1104 se
959 1049 1110 1124 huncgla·

144 1125 251 1181 ‘dium
265 1125 393 1182 strictum
418 1143 482 1182 esse
505 1126 604 1184 sciat.’'
647 1126 733 1182 Haud
757 1143 841 1182 secus
858 1125 963 1200 pavidi,
977 1123 1107 1199 qudm'
1083 1145 1108 1184 ιιι

142 1204 276 1260 victorem
306 1202 499 1260 Hannibalem
520 1215 681 1270 cernerent,
705 1205 803 1279 jurant
829 1205 1145 1274 omnes;custodi-10

141 1282 287 1356 endosque
298 1292 389 1339 semet
403 1282 478 1357 ipsos
493 1283 621 1358 Scipioni
634 1283 758 1340 tradunt.

181 1436 261 1495 LlV.
283 1437 327 1496 Ee
340 1450 475 1514 ternpore,
489 1457 546 1514 quo
559 1439 622 1496 hec
636 1401 756 1498 Canusii
769 1440 937 1515 agebantur,
949 1437 1107 1498 Venusiam

142 1517 177 1572 ad
205 1516 353 1573 consulem
374 1519 409 1573 ad
430 1529 549 1592 quatuor
570 1518 659 1575 millia
686 1519 813 1593 peditum
834 1516 1027 1591 equitumque,
1058 1518 1108 1594 qui

141 1613 237 1684 sparsa·
223 1585 312 1669 'luga
326 1611 376 1668 per
397 1613 479 1671 egros
504 1595 626 1663 fuerant,
646 1597 810 1672 pervenere.
852 1595 920 1652 Fos
930 1614 1031 1652 omnes
1051 1597 1108 1653 Ve-

142 1671 238 1728 nusini
252 1691 303 1746 per
317 1671 439 1730 familias
453 1673 576 1750 benigne
596 1675 788 1749 accipiendos·
800 1673 998 1747 curandosque
1019 1693 1107 1748 quum
1117 1692 1142 1731 rs

140 1749 342 1816 divisissent,'
335 1769 365 1808 ιιι
386 1752 516 1842 singulos
526 1753 636 1827 equites
654 1763 734 1828 togas
746 1763 776 1810 et
790 1751 903 1808 tunicas
915 1762 944 1808 et
956 1753 1108 1828 quadriga-

140 1841 183 1885 tos
211 1847 345 1886 nummos
369 1831 471 1904 quinos
491 1830 616 1904 vicenos,
637 1841 666 1887 et
686 1830 830 1904 peditibus
849 1831 948 1898 denos,
969 1841 998 1888 et
1019 1849 1107 1903 arma,

139 1907 243 1982 quibua
265 1907 392 1975 deerant,
417 1909 577 1967 dederunt:
611 1921 769 1983 ceteraque
792 1908 906 1982 publice
926 1926 966 1964 ac
976 1908 1107 1982 privatim

140 1986 317 2061 hospitaliter
331 1987 423 2056 lacta3
444 1997 650 2077 certatumqffue
665 2003 711 2043 ne
725 2005 742 2042 a
755 1986 875 2042 muliere
897 1985 1046 2044 Canusina
1060 2005 1108 2062 po-

140 2065 225 2139 pulus
240 2065 407 2122 Venusinus
420 2065 523 2123 officiis
533 2065 703 2122 vinceretur.
745 2064 803 2121 Sed
813 2063 928 2138 gravius
938 2083 1012 2122 onus
1023 2065 1106 2122 Busa
1115 2081 1141 2121 au

141 2143 292 2200 multitudo
307 2143 438 2211 faciebat,
454 2154 483 2200 et
499 2143 559 2220 jam
573 2144 608 2200 ad
629 2143 731 2200 decern
752 2141 840 2200 millia
855 2142 1001 2199 bominum
1016 2155 1105 2201 erant.

143 2222 311 2296 Appiusque
331 2233 361 2279 et
381 2222 489 2297 Scipio,
520 2233 666 2296 postquam
698 2221 871 2279 incolumem
901 2239 964 2278 esse
985 2221 1130 2286 alterum¹

140 2299 286 2356 consulem
314 2310 498 2374 acceperuut,
526 2301 658 2356 nuntiur'n
685 2299 827 2374 extemplo
847 2299 971 2369 mittunt,
992 2310 1106 2373 quantae

140 2395 239 2433 secum
261 2378 388 2451 pediturn
411 2377 594 2452 equitumque
613 2377 703 2452 copiae
723 2389 838 2435 essent:
873 2377 1105 2452 sciscitatumque

140 2454 233 2524 simul,
248 2453 341 2511 utram
356 2455 514 2512 Venusiam
529 2455 633 2512 adduci
656 2456 824 2523 exercitum,
839 2473 876 2513 an
891 2473 1007 2512 manere
1025 2455 1141 2532 jube-as

140 2544 182 2589 ret
196 2532 337 2589 Canusiil
380 2533 471 2590 Varro
485 2533 545 2608 ipse
559 2533 718 2592 Canusium
733 2534 829 2609 copias
842 2533 983 2606 traduxit:
1005 2545 1034 2598 et
1045 2533 1105 2609 jam

140 2611 233 2685 aliqua
254 2611 365 2686 species
389 2612 546 2669 consularis
570 2613 711 2673 exercitiis
736 2622 819 2680 arat3
854 2611 1052 2686 moenibusque
1073 2631 1105 2670 se

139 2689 216 2746 certe
237 2689 260 2746 si
282 2709 340 2748 non
361 2691 456 2758 armis,
478 2691 514 2748 ab
536 2690 616 2748 hoste
646 2691 815 2748 videbantur
835 2689 990 2746 defensuri.
1045 2689 1106 2768 Ro·

74 2820 78 2840 ,
139 2787 226 2836 mam,
241 2787 278 2825 ne
294 2769 346 2826 has
368 2769 482 2844 quidem
498 2769 630 2843 reliquias
653 2787 802 2844 superesse
822 2769 929 2826 civium
950 2768 1106 2826 sociorum·

139 2863 204 2920 que,
219 2847 269 2904 sed
282 2848 434 2924 occidione
446 2847 557 2905 occisos
571 2866 638 2904 curn
651 2847 764 2904 duobus
777 2847 951 2903 exercitibus
961 2845 1140 2916 consulesque

140 2915 417 3000 deletusqueomnes
436 2925 542 3014 copias,
566 2925 683 2982 allatum
698 2925 796 2982 fuerat.
839 2924 1004 3014 Nunquam,
1026 2923 1104 2980 salva

138 3002 225 3074 Urbe,
253 3013 363 3060 tantum
391 3004 501 3078 pavoris
528 3003 721 3078 tumultusque
750 3003 824 3060 intra
844 3003 950 3060 maenia
970 3002 1105 3060 Romana

139 3081 210 3138 suit·
242 3081 336 3156 itaque
362 3081 547 3138 succumbam
568 3082 658 3148 oneri,
688 3099 780 3156 neque
809 3081 959 3156 aggrediar
978 3098 1102 3169 narrare,

138 3177 201 3233 quae
215 3159 410 3217 edissertando
424 3160 534 3216 minora
547 3178 614 3217 vero
628 3159 731 3217 fecero.
773 3159 899 3217 Consule
918 3157 1104 3231 exercituque

141 3237 176 3292 ad
192 3235 394 3294 Trasimenum
408 3237 500 3312 priore
515 3255 590 3294 anno
614 3238 728 3310 amisso,
742 3257 800 3295 non
814 3237 918 3294 vulnus
937 3254 1022 3312 super
1043 3235 1139 3292 vul-as

139 3333 204 3386 nus,
218 3314 268 3370 sed
283 3314 428 3389 multiplex
443 3315 548 3385 clades,
563 3334 631 3372 cum
651 3317 763 3374 duobus
784 3315 950 3374 consulibus
964 3315 1022 3371 duo
1036 3333 1104 3371 con·

139 3392 247 3449 sulares
261 3392 403 3449 exercitus
417 3393 512 3449 amissi
534 3394 757 3463 nuntiabantur;
789 3411 844 3450 nec
866 3393 923 3450 ulla
937 3392 996 3468 jam
1010 3402 1104 3449 castra

140 3471 283 3537 Romana,
298 3489 353 3527 nec
367 3471 481 3542 ducem,
505 3489 561 3528 nec
580 3471 699 3530 militem
712 3490 794 3528 esse:
837 3470 1010 3528 Hannibalis
1025 3471 1104 3544 Apu-

139 3547 217 3615 liam,
233 3548 392 3616 Samnium,
407 3567 441 3605 ac
452 3549 510 3624 jam
525 3549 610 3624 prope
629 3561 717 3607 totam
731 3549 843 3607 Italiam
858 3549 972 3604 saetam.
1014 3546 1104 3604 Nulla

139 3624 265 3700 prolectd
279 3626 334 3682 alia
347 3645 418 3701 gens
432 3627 512 3683 tanta
526 3627 599 3685 mole
613 3628 704 3684 cladis
717 3647 774 3685 non
789 3627 984 3684 obrutaesset.
1019 3624 1103 3682 Com·
1093 3644 1139 3683 «ιι

140 3721 236 3776 parem
251 3704 361 3761 cladem
376 3705 412 3760 ad
427 3705 546 3780 AEgates
570 3704 678 3760 insulas
700 3703 981 3778 Carthaginiensium
1002 3701 1103 3776 proelio

141 3780 233 3837 navali
247 3791 405 3857 acceptam,
419 3784 474 3855 qut
489 3781 570 3838 sraeti
585 3781 686 3838 Sicilia
702 3801 737 3840 ac
751 3781 883 3843 Sardinia
896 3782 1018 3850 cessere,
1034 3779 1103 3836 hinc
