2620 4220
492 372 600 424 LIBER
615 373 734 424 XXXIV.
761 388 819 423 car.
831 386 869 422 ru.
1095 377 1154 438 253

174 538 177 547 ·
238 507 289 572 IV.
317 516 428 590 “Saepe
442 533 487 572 me
501 526 664 589 querentem
686 516 722 572 de
743 515 931 584 heminarum,
946 533 1020 590 saepe
1034 517 1070 572 de
1084 518 1154 576 viro·

201 597 300 662 “rum,
315 612 370 649 nec
384 594 420 650 de
442 594 610 668 privatorum
636 592 729 665 mcdd,
749 594 800 650 sed
821 593 907 650 etiam
928 594 1152 669 magistratuum,

200 671 387 742 “sumptibus
400 670 535 738 audistis;
566 671 738 744 diversisque
759 671 870 727 duobus
891 671 976 742 vitiis,
989 672 1104 728 avaritia
1124 683 1154 730 et

200 753 219 780 “
228 744 350 819 luxurii,
364 748 506 805 civitatem
520 747 665 815 laborare;
693 767 756 821 quae
769 761 864 823 pestes
876 749 972 805 omnia
986 767 1089 824 magna
1103 749 1153 806 im-

176 830 219 885 5⁸⁶
228 823 305 895 peria
318 835 486 882 everterunt.
528 825 601 880 Haec
614 844 678 900 ego,
692 825 747 900 qud
762 825 859 882 melior
883 826 1026 900 laetiorque
1049 827 1077 882 in
1092 827 1153 884 dies

199 907 218 935 “
228 899 339 957 fortuna
359 903 521 977 reipublicae
548 913 600 974 est,
632 903 835 978 imperiumque
856 904 967 973 crescit,
988 914 1017 959 et
1043 904 1101 980 jam
1123 905 1152 962 in

199 976 366 1034 “Graeciam
397 980 551 1053 Asiamque
580 981 817 1052 transcendimus,
844 981 975 1037 omnibus
1003 981 1152 1039 libidinum

199 1053 368 1112 “illecebris
387 1057 517 1132 repletas,
531 1068 561 1113 et
573 1057 666 1132 regias
687 1058 772 1114 etiam
786 1068 968 1114 attrectamus
981 1077 1088 1134 gazas3
1117 1059 1152 1116 ed

198 1139 216 1166 ‘⁴
226 1130 287 1204 plds
302 1134 409 1205 horreo,
424 1153 460 1190 ne
474 1135 528 1192 illae
543 1135 633 1210 magis
646 1155 691 1191 res
706 1155 756 1192 nos
769 1135 906 1209 ceperint,
917 1133 1000 1209 quiam
1016 1155 1067 1193 nos
1081 1137 1151 1194 illas.

164 1207 341 1281 10“lnfesta‚
358 1211 427 1268 mihi
442 1213 558 1282 credite,
572 1213 654 1287 signa
677 1213 713 1268 ab
738 1213 885 1286 Syracusis
906 1213 982 1270 illata
1004 1225 1071 1270 sunt
1085 1215 1153 1272 huic

198 1293 217 1322 “
226 1287 297 1342 urbi.
338 1289 403 1345 Jam
418 1289 503 1345 nimis
514 1289 618 1346 multos
633 1290 718 1346 audio
731 1289 861 1346 Corinthi
875 1301 903 1347 et
917 1291 1096 1348 Athenarum
1109 1312 1153 1348 or·

198 1371 359 1423 “nameuta
382 1367 530 1423 laudantes
551 1367 749 1440 mirantesque,
771 1378 800 1424 et
823 1367 948 1424 antefixa
968 1367 1066 1424 fictilia
1079 1368 1153 1426 Deo-

197 1448 287 1498 “rum
301 1443 495 1501 Romanorum
510 1444 642 1502 ridentes.
683 1445 746 1520 Ego
760 1445 810 1502 hos
825 1445 898 1502 malo
910 1445 1043 1520 propitios
1056 1445 1151 1515 Deos3

197 1525 254 1574 “et
268 1519 305 1576 ita
319 1540 400 1595 spero
420 1521 537 1588 futuros,
563 1521 629 1585 siin
654 1523 712 1578 suis
733 1540 847 1578 manere
868 1523 983 1578 sedibus
1002 1523 1151 1597 patiemur.

163 1619 187 1658 rs
198 1595 340 1654 “Patrum
353 1609 511 1656 nostrorum
526 1599 672 1671 memorial,
680 1619 730 1674 per
743 1599 866 1674 legatum
881 1599 1001 1656 Cineam
1017 1601 1151 1678 Pyrrhus,

196 1681 281 1730 “non
301 1676 424 1734 virorum
439 1677 540 1743 modii,
566 1678 616 1733 sed
637 1678 723 1734 etiam
753 1677 913 1748 mulierum,
940 1677 1049 1734 animos
1069 1679 1151 1735 donis

121 1745 128 1760 ⁸
196 1753 349 1810 “tentavit.
400 1754 536 1811 Nondum
560 1754 607 1810 lex‘
631 1754 725 1828 Oppia
745 1755 780 1810 ad
801 1755 990 1812 coercendam
1010 1755 1149 1812 luxuriam

197 1830 391 1890 “muliebrem
417 1831 475 1887 lata
493 1836 569 1888 erat:
592 1842 685 1888 tamen
707 1832 785 1888 nulla
804 1832 924 1906 accepit.
965 1831 1063 1892 Quam
1084 1851 1151 1890 cau·
1245 1868 1247 1872 ·

196 1913 284 1962 “sam
300 1907 385 1964 fuisse
399 1909 542 1965 censetisl
584 1909 692 1965 Eadem
710 1909 770 1978 luit,
793 1929 858 1982 quae
882 1909 1035 1984 majoribus
1049 1911 1151 1966 nostris

159 1983 294 2044 m“nihil
315 1986 350 2040 de
372 1987 425 2052 hac
446 2005 476 2042 re
496 1987 559 2060 lege
580 1987 747 2042 sanciendi:
769 1987 846 2042 nulla
867 1999 927 2042 erat
947 1987 1065 2057 luxuria,
1087 2007 1150 2062 quae
1237 1987 1238 1992 ’

196 2068 214 2095 “
224 2068 410 2120 coerceretur.
453 2064 534 2120 Sicut
548 2064 612 2120 antd
627 2065 738 2121 morbos
762 2083 878 2121 necesse
902 2075 944 2121 est
965 2065 1093 2138 cognitos
1106 2084 1153 2120 es:

195 2146 264 2204 “se‚
278 2140 361 2212 quim
376 2141 501 2200 remedia
515 2156 632 2209 eorum3
654 2142 696 2198 sic
711 2142 879 2216 cupiditates
892 2142 973 2216 priris
987 2152 1059 2198 natae
1074 2153 1149 2208 sunt,

195 2217 307 2288 “quam
322 2218 407 2293 leges,
423 2237 485 2292 quas
500 2219 540 2285 ,iis
561 2219 676 2276 modum
698 2219 833 2276 lacerent.
873 2219 954 2281 Quid
968 2221 1060 2294 legem
1075 2219 1150 2276 Lici-

195 2302 214 2360 “
223 2293 300 2351 niam
314 2297 447 2353 excitavit
460 2297 496 2352 de
510 2297 673 2372 quingentis
690 2297 847 2372 jugeribus,
862 2298 916 2354 nisi
931 2297 1032 2372 ingens
1046 2297 1151 2371 cupido

159 2380 305 2446 2⁵“agros
331 2375 541 2431 continuandil
582 2373 663 2436 Quid
690 2375 783 2450 legem
812 2375 942 2432 Cinciam
964 2377 1000 2432 de
1021 2375 1102 2432 donis
1121 2385 1151 2432 et

195 2458 214 2486 “
225 2451 399 2522 muneribus,
414 2451 468 2508 nisi
482 2452 548 2526 quia
560 2452 706 2527 vectigalis
727 2453 786 2528 jam
800 2463 828 2510 et
850 2453 1034 2528 stipendiaria
1054 2453 1150 2527 plebes

194 2527 284 2582 “esse
305 2529 416 2585 senatui
435 2531 583 2603 emperatl
637 2529 735 2604 Itaque
757 2531 875 2588 minime
896 2532 998 2588 mirum
1022 2541 1072 2600 est,
1094 2549 1149 2587 nec

193 2609 212 2642 “
221 2603 353 2678 Oppiam,
381 2625 436 2664 nec
457 2607 540 2663 aliam
562 2607 647 2664 ullam
668 2618 727 2664 tum
756 2608 848 2681 legem
869 2609 1056 2664 desideratam
1078 2627 1149 2678 esse,

193 2687 281 2754 “quae
295 2684 410 2740 modum
432 2685 590 2758 sumptibus
605 2685 755 2742 mulierum
777 2685 893 2756 faceret,
907 2704 993 2759 quum
1008 2704 1106 2742 aurum
1121 2697 1150 2742 et

158 2767 212 2820 ποί*
219 2777 372 2833 purpuram
386 2762 452 2818 data
465 2772 494 2818 et
507 2763 599 2818 oblata
622 2763 694 2819 ultro
715 2781 772 2818 non
796 2763 982 2837 accipiebant.
1025 2763 1056 2820 Si
1071 2783 1150 2820 nunc
1210 2807 1213 2817 ,
1301 2789 1302 2796 ¹

193 2836 285 2892 “cum
301 2837 355 2894 illis
369 2840 451 2896 donis
465 2839 572 2896 Cineas
596 2840 693 2896 urbem
715 2839 888 2907 circumiret,
910 2850 1016 2896 stantes
1029 2840 1058 2897 in
1079 2842 1150 2915 pub-

191 2913 275 2971 “lico
289 2915 451 2988 invenisset,
466 2935 527 2992 quae
548 2917 719 2992 acciperent.
763 2920 856 2990 Atque
878 2936 932 2992 ego
950 2918 1148 2981 nonnullarum

191 2993 405 3066 “cupiditatum
427 3014 463 3052 ne
484 3013 599 3050 causam
620 2995 734 3069 quidem
761 3006 810 3051 aut
830 2996 968 3052 rationem
995 2994 1067 3052 inire
1087 3015 1149 3070 pos-

191 3075 302 3126 “sum:
335 3091 401 3128 nam
429 3083 469 3144 ut,
496 3073 571 3146 quod
593 3073 639 3130 alii
661 3073 753 3143 liceat,
775 3063 829 3130 tibi
847 3092 904 3130 non
924 3073 1022 3140 licere,
1044 3073 1148 3149 aliquid

155 3146 338 3210 as“lortassa
365 3150 500 3206 naturalis
521 3160 571 3207 aut
589 3150 705 3225 pudoris
726 3161 774 3208 aut
799 3150 1003 3226 indignationis
1024 3151 1148 3222 habeat;

191 3231 209 3262 “
219 3225 271 3292 sic,
287 3239 397 3301 arquato
410 3229 536 3285 omnium
550 3227 722 3301 cultu„quid
746 3247 921 3303 unaquaeque
935 3231 1057 3286 vestrhm
1072 3249 1158 3286 vere*
1171 3287 1189 3310 -.

191 3309 274 3374 “tur,
289 3323 325 3360 ne
347 3305 377 3362 in
398 3325 429 3362 se
443 3307 656 3382 conspiciaturl
698 3306 842 3363 Pessimus
856 3307 969 3381 quidem
990 3307 1080 3382 pudor
1104 3319 1148 3364 est

191 3387 210 3419 “
219 3381 261 3436 vel
276 3384 463 3456 parsimonia,
477 3384 520 3440 vel
534 3384 722 3459 paupertatis:
736 3386 786 3442 sed
798 3395 947 3461 utrumque
958 3385 1005 3442 lex
1013 3385 1091 3441 vobis
1101 3385 1149 3442 de·

190 3465 209 3496 “
218 3458 279 3526 mit,
293 3479 385 3534 quum.
395 3461 433 3528 id,
447 3463 522 3536 quod
536 3463 640 3520 habere
654 3481 711 3520 non
725 3463 802 3531 licet,
814 3483 870 3522 non
883 3463 1001 3532 habetis.
1023 3463 1148 3530 ‘Hanc,’
1301 3513 1302 3516 ,

155 3536 317 3620 tot‘inquit,
346 3539 452 3614 ‘ipsam
478 3541 701 3615 exaequationem
728 3561 785 3598 non
817 3542 897 3610 fero,'
924 3541 972 3599 illa
999 3541 1148 3615 locuples:
1199 3553 1200 3558 ’
1301 3545 1302 3560 ³

152 3663 156 3670 .
190 3620 290 3671 “‘cur
311 3635 368 3674 non
390 3617 511 3692 insignis
533 3637 602 3675 auro
622 3629 650 3675 et
672 3621 796 3693 purpura
809 3620 994 3695 conspiciorl
1017 3637 1068 3676 cur
1081 3635 1148 3692 pau·

190 3689 333 3766 “‘pertas
344 3694 462 3752 aliarum
475 3695 528 3752 sub
543 3695 596 3752 hac
611 3696 682 3772 legis
695 3698 790 3771 specie
811 3697 889 3764 latet,
911 3708 952 3764 ut,
974 3695 1048 3770 quod
1063 3695 1148 3752 habe-

189 3774 267 3826 “fre
281 3791 337 3828 non
351 3783 475 3847 possunt¹
503 3773 649 3842 habiture,
673 3774 697 3831 si
722 3775 828 3846 liceret,
851 3775 937 3848 luisse
957 3774 1105 3832 videantur
1118 3772 1147 3831 l'

502 3851 540 3907 22
