2620 4220
517 385 621 438 LIBER
636 387 691 437 XL.
714 399 775 437 cae.
791 400 817 435 a.
1086 449 1094 460 ·
1109 383 1170 455 209

207 537 280 590 “me
304 549 339 590 ac
360 549 439 590 meos
458 526 534 588 vinci
557 549 658 606 passus
679 548 750 586 sum.
792 525 840 583 Ab
854 524 948 584 bostiii
973 525 1079 600 proelio,
1100 539 1170 584 tarn·

207 615 320 684 “quam
348 609 471 666 fraterno
497 609 570 681 lusu,
592 608 754 682 pertrahere
786 624 831 662 me
851 605 887 661 ad
912 622 1027 662 ooenam
1048 605 1168 662 voluisti.

207 693 226 726 “
235 688 346 757 Credis,
361 705 416 757 me,
431 696 519 761 pater,
534 688 607 744 inter
622 687 746 742 inermes
759 684 894 742 convivas
911 693 1090 739 coenaturum
1106 683 1172 740 suis·

207 770 276 832 “se,
297 765 333 821 ad
356 783 440 839 quem
462 765 563 821 armati
585 764 767 821 comissatum
792 762 956 818 venerunt?
991 761 1086 818 credis
1099 759 1170 818 nihil

207 848 254 899 “a
272 841 375 918 gladiis
395 853 479 899 nocte
509 843 667 917 pericuium
696 841 790 908 fuisse,
812 857 897 913 quem
925 838 1052 903 sudibus,
1081 850 1109 896 te
1131 840 1173 896 in·

209 925 228 980 ἒ*
236 932 393 995 spectante,
408 921 492 995 prope
507 921 694 976 occiderunti
734 918 816 979 Quid
839 919 893 982 boc
915 918 1015 986 noctis,
1037 917 1103 990 quid
1119 917 1172 974 ini-

208 998 328 1054 “micus
342 999 377 1054 ad
392 998 504 1068 iratum,
519 999 586 1071 quid
601 999 667 1053 cum
682 997 755 1053 serro
776 996 932 1052 succinctis
950 995 1102 1069 juvenibus
1125 1015 1173 1052 ve·

209 1075 302 1132 “nisi
343 1076 498 1133 Convivam
514 1095 559 1132 me
573 1076 624 1133 tibi
639 1075 816 1132 committere
835 1093 922 1130 ausus
943 1092 1000 1129 non
1015 1093 1096 1142 sum3
1125 1093 1173 1130 co·

209 1158 228 1191 “
238 1154 455 1210 missatoremte
469 1173 536 1210 oum
551 1153 666 1210 armatis
681 1153 842 1209 venientem
856 1151 1015 1225 recipiam?
1048 1152 1079 1208 Si
1094 1171 1174 1227 aper-

175 1236 267 1288 ro“ta
284 1233 375 1307 janua
396 1232 504 1303 suisset,
525 1231 611 1288 sunus
625 1249 719 1287 meum
736 1247 849 1305 parares
863 1231 917 1286 hoc
931 1241 1068 1304 tempore,
1084 1242 1171 1304 pater,

210 1314 294 1384 “quo
313 1321 481 1384 querentem,
507 1310 597 1366 audis.
639 1309 733 1366 -Nihit
758 1327 821 1383 ege,
849 1319 992 1381 tamquam
1014 1319 1175 1374 accusator,
1231 1371 1234 1376 ,
1305 1293 1306 1338 1

210 1387 391 1446 “criminose
415 1407 471 1444 nec
492 1388 579 1444 dubia
600 1387 778 1462 argumentis
803 1385 965 1460 colligendo
989 1405 1051 1460 ago.
1091 1385 1174 1446 Quid

210 1465 339 1522 “enimi
361 1477 492 1540 negatae
513 1485 579 1522 oum
600 1465 783 1522 multitudine
797 1464 908 1520 venisse
930 1463 965 1518 ad
985 1464 1101 1539 januam
1117 1483 1175 1519 me-

210 1545 307 1600 “ami
338 1563 374 1600 an
390 1545 463 1604 ferro
486 1543 649 1600 succinctos
670 1561 768 1600 secum
793 1542 902 1598 suisset
941 1540 1026 1602 Quos
1047 1543 1175 1598 nomina-

177 1636 202 1676 ts
212 1627 230 1658 “
239 1639 315 1692 vero,
329 1641 459 1678 arcesse:
480 1633 597 1696 possunt
610 1621 726 1695 quidem
739 1620 837 1678 omnia
857 1619 973 1685 audere,
994 1621 1043 1694 qui
1058 1621 1113 1678 hoc
1127 1637 1176 1677 au-

211 1699 263 1756 “si
284 1711 383 1768 sunt3,
405 1719 462 1756 non
490 1711 585 1758 tamen
608 1700 755 1756 audebunt
775 1717 889 1773 negare.
932 1699 963 1755 Si
985 1698 1176 1774 deprehensos

212 1777 314 1834 “intra
328 1778 415 1834 limen
430 1796 526 1834 meum
548 1797 616 1834 oum
630 1777 704 1834 ferro
718 1777 754 1836 ad
775 1789 803 1834 te
817 1777 1000 1843 deducerem,
1023 1797 1073 1851 pro
1087 1777 1178 1833 mani·

212 1861 231 1892 “
241 1855 313 1914 festo
327 1856 463 1912 haberes:
485 1856 607 1912 fatentes
620 1875 670 1930 pro
684 1855 869 1930 deprehensis
883 1854 965 1910 habe.

252 2012 291 2068 X.
321 2012 510 2070 “Exsecrare
525 2031 603 2070 nunc
618 2012 801 2088 cupiditatem
817 2011 907 2086 regni,
922 2022 950 2068 et
964 2010 1066 2068 Furias
1081 2009 1177 2068 frater·

177 2107 204 2148 ao
214 2096 232 2128 ‘⁵
242 2108 294 2146 nas
307 2092 440 2148 concita:
462 2093 522 2157 aed,
537 2111 574 2148 ne
588 2091 755 2156 simmaea,
773 2101 860 2165 pater,
884 2091 1098 2146 exsecrationes
1111 2101 1177 2156 tua,

214 2169 375 2226 “discerne
388 2180 417 2226 et
429 2170 538 2244 dispice
552 2169 747 2226 insidiatorem
761 2180 790 2225 et
803 2169 922 2242 petitum
938 2167 1067 2224 insidiis:
1099 2169 1178 2224 noxi·

214 2251 233 2282 “
243 2265 290 2303 um
307 2245 389 2322 [huic
402 2248 479 2322 esse]
494 2259 588 2323 caput.
628 2246 691 2307 Qui
705 2247 854 2304 occisurus
868 2246 981 2304 fratrem
999 2246 1061 2315 suit,
1076 2246 1179 2302 habeat

214 2325 328 2384 “etiam
342 2325 428 2382 iratos
441 2338 574 2400 paternos
589 2325 682 2381 Deos:
703 2325 751 2398 qui
765 2325 906 2398 periturus
929 2323 1052 2381 fraterno
1070 2324 1178 2380 scelere

214 2402 303 2471 “suit,
332 2403 491 2478 peifugium
518 2405 551 2474 in
568 2403 656 2477 patris
682 2403 874 2460 misericordia
889 2413 918 2460 et
936 2403 1044 2478 justitia
1066 2403 1178 2458 babeat.

178 2479 311 2540 as“‘Qud
324 2481 401 2538 enirn
417 2480 471 2540 alib
484 2481 660 2556 confugiam,
685 2481 732 2537 cui
755 2499 812 2538 non
833 2481 951 2538 solenne
972 2481 1087 2538 lustrale
1102 2499 1180 2538 exer·

215 2558 321 2616 “citds
336 2559 387 2629 tui,
402 2577 458 2616 non
480 2560 619 2616 decursus
640 2559 772 2630 militum,
794 2578 851 2616 non
872 2559 982 2628 domus,
998 2579 1055 2616 non
1076 2559 1178 2633 epula,

215 2638 302 2692 “non
323 2656 389 2708 nox,
410 2637 446 2692 ad
467 2633 591 2712 quietem
613 2638 679 2693 data
707 2648 815 2694 naturae
845 2637 985 2694 beneficio
1006 2637 1179 2705 mortalibus,

215 2716 304 2772 “tuta
327 2718 392 2772 esti
435 2716 466 2772 Si
489 2716 548 2773 iero
569 2716 605 2772 ad
627 2715 742 2772 fratrem
765 2713 908 2780 invitatus,
928 2715 1105 2772 moriendum
1120 2730 1180 2772 est:

216 2795 235 2826 “
245 2792 268 2848 si
283 2811 418 2867 recepero
430 2794 503 2850 intra
514 2793 631 2869 januam
654 2793 837 2850 comissatum
859 2792 984 2858 fratrem,
1002 2792 1180 2849 moriendum

181 2872 306 2928 au“est:
336 2890 390 2928 nec
414 2873 517 2941 eundo,
542 2891 598 2929 neo
620 2871 763 2928 manendo
784 2870 902 2926 insidias
922 2871 1004 2928 evito.
1045 2869 1114 2930 Quo
1136 2889 1181 2927 me

217 2948 410 3006 “conserami
452 2949 542 3020 Nihil,
557 2963 658 3025 prruter
680 2950 766 3015 Deos,
788 2961 878 3022 pater,
899 2960 928 3006 et
947 2961 985 3019 te,
1000 2948 1095 3005 colui:
1123 2967 1181 3005 non

216 3027 394 3084 “Romanus
421 3029 521 3097 habeo,
544 3029 580 3084 ad
601 3047 671 3102 quos
693 3027 874 3102 confugiam:
909 3028 1014 3102 perisse
1033 3037 1181 3101 expetunt,

217 3105 312 3178 “quia
324 3105 380 3162 tuis
394 3106 505 3180 injuriis
519 3107 610 3172 doleo,
625 3107 692 3180 quia
713 3107 859 3180 ademptas
884 3117 924 3162 tot
945 3105 1038 3172 urbes,
1061 3115 1101 3162 tot
1115 3125 1183 3181 gen·

217 3185 237 3218 “
246 3193 299 3254 tes,
313 3183 398 3240 modb
413 3184 548 3242 Thraciae
563 3185 733 3257 maritimam
748 3203 836 3250 oram,
862 3184 1004 3259 indignor.
1046 3184 1111 3241 Nec
1137 3203 1182 3242 me

182 3273 208 3314 as
218 3263 237 3296 ‘⁶
248 3279 302 3318 nec
316 3272 345 3318 te
360 3261 507 3334 incolumi,
522 3263 724 3319 Macedoniam
746 3281 826 3318 suam
841 3262 963 3319 suturam
985 3273 1108 3338 sperant.
1152 3263 1183 3320 Si

218 3341 292 3396 “me
307 3339 401 3398 scelus
415 3340 517 3412 fratris,
531 3352 560 3397 te
574 3352 717 3413 senectus,
737 3340 938 3416 absumpserit,
962 3352 1011 3397 aut
1024 3359 1061 3396 ne
1075 3359 1109 3396 ea
1122 3341 1184 3415 qui·

218 3417 313 3479 “dem
326 3426 492 3493 exspectata
506 3418 599 3485 suerit,
615 3432 717 3494 'regem
740 3437 917 3494 regnumque
939 3418 1118 3476 Macedoniae
1133 3437 1202 3476 sna'

218 3495 341 3554 “sutura
354 3497 458 3554 sciunt.
501 3497 614 3571 Siquid
628 3509 708 3554 extra
722 3497 924 3556 Macedoniam
939 3497 989 3555 tibi
1004 3497 1130 3555 Romani
1142 3517 1184 3554 re·

219 3574 406 3648 “liquissent,
428 3575 497 3632 mibi
511 3595 623 3649 quoque
648 3576 675 3632 id
698 3575 828 3634 relictum
852 3577 1000 3634 crederem
1019 3587 1185 3648 receptacu-

184 3652 316 3708 uelum.
358 3654 418 3710 ‘At
445 3655 474 3710 in
502 3655 709 3712 Macedonibus
729 3655 798 3712 satis
823 3653 947 3730 praesidii
974 3654 1037 3711 est’
1079 3653 1184 3710 Vidisti

220 3735 240 3766 “
249 3731 382 3789 hesterno
399 3733 447 3789 die
457 3732 597 3806 impetum
619 3733 647 3789 in
669 3753 715 3790 me
738 3734 869 3790 miiitum.
910 3731 993 3792 Quid
1017 3731 1183 3803 illiadesuit‚

221 3815 240 3846 “
250 3809 305 3866 nisi
321 3811 450 3868 serrum?
491 3809 580 3946 Qppp
596 3811 650 3867 iilis
672 3811 763 3869 defuit
786 3811 920 3878 interdiu,
942 3811 1068 3868 convive
1087 3809 1186 3870 dranis
