2620 4220
427 376 531 427 LIBER
549 379 695 430 xxxvlrr.
715 391 838 427 onaan.
898 441 901 450 ι
1005 405 1008 413 ’
1072 375 1132 443 261'

178 525 198 556 ‘⁸
204 515 345 590 Quirites,
359 536 424 575 cum
440 519 602 576 Hannibale
622 531 651 577 et
665 519 958 595 Carthaginiensibus,
972 521 1061 596 signis
1075 524 1132 581 col-

177 595 279 662 “latis‚
293 595 322 652 in
339 595 438 653 Africis
452 598 524 654 bene
548 611 582 654 ac
605 598 723 654 feliciter
747 597 880 672 pugnavi.
921 597 1030 672 ltaque,
1042 619 1131 673 quum

176 681 196 708 ‘⁴
206 673 290 730 hodie
304 673 399 730 litibus
413 686 442 731 et
450 675 551 750 jurgiis
564 675 741 750 supersederi
761 693 871 749 aequum
883 674 928 742 sit,
941 677 1071 750 egobino
1082 694 1132 733 erra

177 750 309 824 “templo
322 750 351 806 in
366 752 537 826 Capitolium
547 753 581 808 ad
591 754 692 809 Jovem
703 753 851 827 Optimum
864 753 1032 820 Maximum,
1044 755 1062 811 J
1065 774 1132 812 uno

152 835 196 880 ⁵⁶⁴
204 845 325 902 nemque
345 840 374 886 et
395 829 563 901 Minervam,
578 843 749 904 ceterosque
768 830 855 896 Deos,
869 830 917 904 qui
938 831 1079 906 Capitolio
1092 843 1133 889 et·

176 913 259 978 ‘tque
273 907 331 962 arci
345 907 506 980 president,
526 909 688 965 salutandos
702 909 767 964 ibo:
797 908 895 981 hisque
916 909 1020 983 gratias
1040 929 1132 984 agam,

158 1014 159 1018 κ
176 991 195 1018 “
204 981 280 1055 qudd
294 977 364 1040 mihi
378 995 407 1040 et
421 986 474 1042 hoc
489 986 549 1060 ipso
563 987 619 1057 die,
640 997 669 1042 et
681 1005 756 1060 saepe
770 983 851 1056 alias,
863 986 976 1060 egregia
1000 987 1040 1042 rei
1064 987 1133 1061 pub·

176 1059 413 1134 “licae'gerendae
434 1074 558 1119 mentem
580 1064 796 1137 facultatemque
810 1064 957 1120 dederunt.
999 1064 1132 1120 Vestrdm

176 1145 314 1211 “quoque
335 1140 437 1212 quibus
457 1141 638 1198 commodum
665 1153 717 1207 est,
739 1141 777 1196 ite
798 1159 922 1212 mecum,
942 1140 1081 1208 Quirites,
1103 1151 1133 1198 et

142 1221 281 1271 ru“0rate
296 1217 382 1283 Deos,
404 1228 434 1273 nt
448 1219 503 1274 mei
518 1219 625 1274 similes
641 1219 784 1294 principes
804 1219 949 1274 habeatis:
982 1219 1030 1290 ita,
1050 1219 1075 1274 si
1096 1219 1132 1275 ab

175 1301 194 1328 ‘⁶
203 1294 286 1348 annis
298 1295 501 1368 septemdecim
517 1297 551 1352 ad
566 1308 742 1353 senectutem
756 1315 866 1370 semper
887 1315 935 1352 vos
949 1306 1060 1352 aetatem
1074 1315 1132 1352 me·

174 1373 248 1426 “am
269 1371 423 1428 honoribus
437 1373 536 1429 vestris
555 1375 694 1445 anteistis,
715 1391 769 1448 ego
790 1384 896 1430 vestros
909 1375 1033 1430 honores
1049 1374 1133 1430 rebus

174 1449 337 1522 “gerendis
351 1451 514 1524 precessi.”
548 1452 596 1507 Ab
609 1452 722 1508 Rostris
736 1453 764 1506 in
779 1451 950 1525 Capitolium
964 1451 1131 1507 adscendit:

173 1523 257 1580 simul
270 1544 301 1581 se
323 1527 453 1584 universa
473 1529 575 1586 concio
596 1530 705 1596 avertit,
727 1539 756 1585 et
776 1539 875 1584 secuta
892 1528 1055 1602 Scipionem
1069 1539 1131 1598 est;

141 1617 165 1656 rs
174 1599 253 1672 aded,
268 1613 299 1660 ut
311 1603 452 1678 postremd
465 1607 567 1662 scribae
590 1608 765 1680 viatoresque
788 1606 916 1662 tribunos
930 1605 1132 1679 relinquerent,

172 1697 228 1735 nec
242 1699 308 1736 cum
323 1682 366 1751 iis,
385 1693 485 1756 praeter
506 1684 634 1740 servilem
660 1684 835 1754 comitatum,
855 1694 884 1739 et
903 1683 1063 1757 preconem
1084 1681 1132 1756 qui

173 1775 252 1812 reum
266 1777 302 1814 ex
317 1759 428 1815 Rostris
442 1760 557 1832 citabat,
571 1763 717 1835 quisquam
731 1771 813 1817 esset.
844 1761 951 1834 Scipio,
963 1779 1019 1816 non
1035 1761 1064 1816 in
1078 1761 1133 1816 Ca·

172 1833 269 1908 pitolio
283 1835 377 1906 modd,
393 1838 442 1893 sed
457 1857 506 1911 per
520 1849 606 1894 totam
619 1837 726 1907 urbem,
741 1829 836 1894 omnia
844 1838 949 1911 templa
959 1837 1056 1894 Dedm
1064 1855 1131 1892 cum

172 1913 275 1984 populo
287 1912 421 1970 Romano
433 1916 585 1971 circumiit.
627 1915 803 1971 Celebratior
817 1915 840 1970 is
863 1913 948 1988 prope
963 1915 1024 1969 dies
1038 1913 1132 1970 favore

136 1988 318 2045 aohominum
333 2002 362 2046 et
376 1992 561 2047 estimatione
577 2009 648 2047 verce
670 1991 875 2066 magnitudinis
893 1991 954 2064 ejus
969 1991 1030 2056 suit,
1046 1989 1131 2063 qudtn

138 2099 140 2104 .
171 2083 226 2138 quo
241 2067 416 2142 triumphans
434 2069 470 2124 de
492 2069 623 2142 Syphace
644 2087 710 2144 rege
732 2079 760 2124 et
780 2067 1065 2142 Carthaginiensibus
1079 2067 1132 2124 Ur·

171 2142 236 2198 bern
248 2154 290 2200 est
305 2144 441 2202 invectus.
477 2182 483 2194 ·

209 2297 276 2355 LII.
299 2300 357 2357 llic
377 2301 522 2376 speciosus
541 2302 657 2358 ultimus
671 2302 732 2358 dies
746 2300 778 2357 P.
795 2299 919 2374 Scipioni
934 2299 1045 2356 illuxit:
1066 2309 1130 2374 post

169 2395 253 2450 quem
273 2397 359 2452 quum
382 2379 515 2435 invidiam
537 2391 566 2436 et
585 2379 742 2436 certamina
762 2397 829 2434 cum
851 2377 972 2434 tribunis
990 2378 1131 2452 prospice-

136 2464 221 2520 soret,
237 2455 283 2511 die
304 2456 430 2531 longiore
444 2457 580 2530 prodicta,
602 2458 631 2512 in
653 2456 831 2512 Literninum
852 2454 1016 2522 concessit;
1051 2465 1130 2511 certo

170 2533 297 2602 consilio,
313 2553 349 2590 ne
364 2535 399 2590 ad
413 2553 528 2590 causam
542 2535 695 2590 dicendam
709 2535 830 2589 adesset.
871 2531 964 2606 Major
974 2532 1087 2588 animus
1100 2545 1130 2588 et

170 2611 271 2666 naturd
284 2624 352 2681 erat,
368 2631 402 2668 ac
417 2612 515 2686 majori
540 2611 658 2670 sortunae
682 2621 820 2675 assuetus,
843 2607 927 2682 qulam
943 2619 974 2664 ut
987 2627 1052 2664 reus
1065 2627 1129 2664 esse

169 2687 262 2756 sciret,
285 2700 314 2745 et
334 2690 499 2746 submittere
514 2708 544 2745 se
559 2689 588 2744 in
610 2689 799 2745 humilitatem
823 2704 938 2742 causam
960 2685 1127 2740 dicentium.

169 2763 227 2820 Ubi
239 2765 300 2822 dies
315 2767 399 2835 venit,
414 2767 550 2840 citarique
565 2767 667 2823 absens
691 2777 733 2821 est
757 2774 875 2838 ooeptus,
900 2762 934 2818 L.
947 2762 1044 2835 Scipio
1057 2781 1130 2818 mor·

135 2841 236 2904 aobum
251 2863 345 2900 cause
360 2863 431 2913 esse,
456 2863 507 2900 cur
522 2844 644 2909 abesset,
666 2842 840 2900 excusabat:
871 2858 955 2914 quam
971 2839 1130 2895 excusatio-

168 2937 235 2976 nem
249 2941 335 2995 quum
350 2923 464 2991 tribuni,
479 2921 527 2994 qui
541 2921 617 2977 diem
632 2921 770 2986 dixerant,
793 2936 848 2974 non
864 2917 1036 2990 acciperent,
1051 2926 1079 2972 et
1093 2916 1129 2971 ab

168 2991 270 3055 sladem
285 3000 414 3073 superbiai
429 3017 485 3056 non
501 2999 596 3056 venire
620 2999 655 3054 ad
671 3015 785 3054 causam
800 2995 952 3052 dicendam
965 3003 1128 3070 arguerent,

167 3075 224 3148 qud
235 3077 376 3152 judicium
399 3088 428 3133 et
448 3077 576 3133 tribunos
599 3076 689 3150 plebis
709 3086 738 3132 et
757 3073 926 3130 concionem
948 3071 1127 3159 reliquisset;

168 3162 207 3219 et,
221 3155 323 3227 quibus
334 3155 381 3229 jus
395 3156 431 3212 de
445 3173 476 3211 se
490 3155 620 3210 dicende
635 3152 783 3210 sententiae
794 3161 822 3207 et
835 3149 992 3208 libertatem
1008 3149 1129 3204 ademis-

133 3240 218 3299 περὶ,
234 3233 278 3288 his
292 3233 451 3298 comitatus,
466 3233 542 3288 velut
555 3241 652 3304 captos
665 3231 790 3301 trahens,
805 3227 976 3302 triumphum
992 3227 1027 3282 de
1041 3245 1129 3300 popu-

166 3307 195 3364 lo
209 3309 342 3367 Romano
356 3311 469 3386 egisset,
484 3309 730 3381 secessionemque
750 3325 785 3364 eo
806 3306 852 3362 die
874 3305 903 3362 in
925 3303 1097 3378 Capitolium
1111 3322 1129 3360 a

166 3386 290 3444 tribunis
310 3386 401 3462 plebis
427 3387 562 3444 fecisset:
604 3385 754 3442 “Habetis
780 3402 848 3458 ergo
868 3381 1034 3440 temeritatis
1054 3380 1128 3436 illius

166 3466 186 3498 ‘¹
198 3467 370 3522 mercedem.
410 3465 480 3526 Quo
502 3465 576 3520 duce
600 3475 629 3520 et
653 3475 768 3519 auctore
788 3481 840 3518 nos
860 3459 1020 3534 reliquistis,
1038 3458 1074 3514 ab
1093 3477 1129 3516 eo

167 3543 251 3618 “ipsi
265 3544 356 3602 relicti
370 3543 457 3601 estias
491 3552 519 3599 et
533 3552 643 3600 tanturn
665 3541 823 3598 animorum
848 3538 877 3596 in
902 3538 963 3594 dies
977 3535 1064 3623 nohis¹
1079 3535 1129 3591 de·

132 3623 187 3686 40“
198 3622 312 3688 crescit,
327 3633 367 3688 ut,
383 3623 526 3695 adquam,
541 3630 607 3676 ante
628 3638 718 3675 annos
737 3615 950 3692 septemdecim,
971 3623 1127 3700 exereitum

166 3701 227 3756 “et
240 3699 359 3756 classem
384 3700 544 3767 habentem,
569 3697 697 3754 tribunos
718 3696 808 3772 plebis
830 3692 995 3764 editamque
1016 3701 1127 3746 mrtters

166 3779 227 3837 “in
242 3778 370 3836 Siciliam
386 3777 446 3836 ausi
460 3795 569 3848 sumus,
587 3774 634 3851 qui
648 3773 858 3852 prehenderent
872 3788 947 3838 eum,
961 3778 990 3824 et
1003 3767 1127 3824 Romam
