2632 4224
544 327 650 378 LIBER
666 327 687 376 1.
719 339 781 376 car.
798 341 853 376 xxa.
1136 326 1173 386 21

220 468 350 528 flamines
363 467 487 544 adjecit3
509 467 594 526 Marti
609 487 707 534 unum,
722 467 840 524 alterum
853 461 987 528 Quirino.
1028 463 1176 542 Virgines·

220 567 275 624 que
290 547 385 604 Veste
398 545 477 620 legit,
492 546 566 602 Altis
579 546 731 604 oriundum
753 543 951 615 sacerdotium,
972 553 1001 599 et
1013 545 1092 619 genti
1107 563 1175 602 con·

221 625 321 682 ditoris
347 624 421 680 haud
445 623 579 680 alienum.
621 623 685 694 His,
707 633 738 678 ut
764 621 884 678 assidue
911 620 1007 695 templi
1035 622 1174 678 antistites

221 712 327 772 essent,
350 701 522 774 stipendium
546 701 581 758 de
605 701 719 775 publico
733 699 848 756 statuit:
883 698 1042 774 virginitate
1056 698 1174 774 aliisque

200 779 398 836 sceremoniis
411 778 585 835 venerabiles
609 796 643 834 uc
667 788 779 834 sanctas
801 776 877 834 fecit.
920 775 1011 832 Salios
1024 775 1090 832 item
1106 777 1174 833 duo-

221 857 315 914 decim
330 855 415 912 Marti
428 851 551 930 Gradijo
565 856 651 930 legit;
680 855 840 928 tunicaeque
853 854 936 929 pictaa
949 847 1070 928 'insigne
1086 854 1173 921 dedit.

221 945 250 991 et
262 949 346 1009 super
359 923 486 990 tunicam
498 943 608 990 eneam
619 933 725 1007 pectori
736 921 860 1008 tegimen
872 951 881 1000 ;
895 931 1076 1005 coelestiaque
1087 949 1174 1003 arma,

220 1030 283 1085 quaa
299 1011 414 1068 Ancilia
427 1011 610 1085 appellantur,
625 1010 706 1081 serre,
731 1028 765 1066 ac
788 1028 838 1084 per
862 1010 960 1066 urbem
985 1008 1025 1066 ire
1039 1019 1175 1066 canentes

221 1090 348 1146 carmina
370 1105 437 1144 cum
461 1088 590 1164 tripudiis
614 1087 777 1162 solennique
802 1087 902 1144 saltatu
920 1085 1031 1162 jussit·
1062 1085 1176 1143 Pontifi-

146 1159 150 1168 '
188 1167 402 1223 racemdeinde
417 1165 542 1222 Numam
567 1165 718 1235 Marcium,
745 1165 835 1221 Marci
860 1165 959 1232 lilium,
975 1182 1020 1220 -cx
1043 1163 1174 1222 Patribus

220 1243 307 1318 legit;
328 1243 411 1318 eique
425 1262 506 1300 sacru
525 1244 622 1300 omnia
644 1243 788 1317 exscripta
811 1243 1013 1317 exsignataque
1027 1241 1172 1327 attribuit3

220 1321 322 1394 quibus
336 1321 442 1391 hostiis,
456 1321 558 1396 quibus
571 1321 682 1387 diebus,
698 1321 733 1378 ad
747 1338 810 1394 quae
831 1320 944 1394 templa,
969 1337 1049 1376 sacra
1062 1313 1172 1388 delent,

61 1438 68 1450 .
193 1456 199 1466 ,
221 1409 303 1473 atque
325 1400 402 1456 unde
417 1399 452 1488 ¹in
476 1418 532 1488 eos·
548 1411 676 1488 sumptus
699 1398 821 1473 pecunie
842 1408 1012 1486 erogaretur.
1043 1397 1174 1486 ..Cetera

34 1501 113 1584 lli
132 1476 744 1643 utelettltltttttllttttlltll
758 1471 1088 1629 tlletlllttlt
1106 1475 1173 1626 {ll

220 1596 307 1688 divini
319 1632 399 1707 Juris,
413 1595 586 1707 negligendo
600 1623 703 1706 pdtrios
724 1631 803 1702 ritus,
826 1593 1047 1706 peregrinosque
1068 1631 1175 1686 adscis-

220 1710 322 1781 cendo,
346 1710 517 1772 turbaretur„
562 1709 627 1766 Nec
647 1709 777 1766 coelestes
801 1707 883 1766 modd
907 1708 1099 1775 ceremonias,
1123 1709 1173 1764 sod

115 1839 117 1842 .
218 1786 294 1861 justa
307 1805 416 1861 quoque
431 1787 570 1857 funebria,
585 1787 794 1861 placandosque
816 1785 927 1854 Manes,
950 1797 980 1844 ut
993 1785 1069 1842 idem
1083 1786 1174 1860 ponti·

95 1869 101 1880 '
221 1864 267 1920 sex
280 1865 428 1933 edoceret;
457 1884 574 1939 quaeque
595 1865 732 1940 prodigia,
748 1863 912 1945 fulminibus
932 1865 1020 1922 aliove
1044 1883 1099 1938 qno
1113 1863 1173 1920 risu

186 1941 315 2008 anmissa,
330 1943 540 2016 susciperentur
554 1952 637 2016 atquc
651 1923 834 1998 corennum
862 1943 897 1998 ad
921 1961 956 1998 ea
976 1940 1117 1998 elicienda
1138 1959 1174 1996 ex

220 2019 362 2076 mentibus
386 2019 499 2091 divinis,
527 2019 590 2076 tovi
614 2019 706 2076 Elicio
730 2039 806 2076 uram
832 2020 861 2076 in
885 2019 1029 2076 Aventino
1052 2018 1157 2076 dicavit
1165 2037 1173 2088 ς

219 2095 370 2170 Deumque
384 2097 526 2154 consuluit
539 2097 673 2190 auguriiq,
687 2115 749 2172 quae
760 2097 940 2173 suscipienda
953 2107 1056 2154 essent.

139 2233 183 2286 ²³⁰
258 2250 346 2308 XXI.
377 2252 425 2308 Ad
447 2253 508 2310 haec
529 2207 969 2329 edns‘uliaiidd‘proourandaque
992 2252 1173 2310 multitudine

218 2329 296 2386 omni
311 2348 328 2386 a
342 2329 367 2386 vi
381 2341 410 2386 et
423 2330 508 2388 armis
521 2335 666 2398 conversd,
681 2343 710 2388 et
719 2332 818 2388 enimi
841 2331 946 2406 aliquid
965 2332 1076 2406 agendo
1089 2350 1174 2388 ocen-

185 2425 210 2464 so
219 2407 276 2482 peti
290 2419 382 2474 erant,
396 2419 426 2464 et
439 2407 565 2466 Deorum
579 2410 692 2465 assidue
706 2409 833 2466 insidens
844 2428 922 2480 cura,
936 2429 1021 2484 quum
1027 2409 1173 2466 -intcresse

219 2485 304 2542 rebus
318 2485 448 2542 humanis
462 2486 576 2543 coeleste
590 2486 707 2544 Numen
721 2487 871 2558 videretur,
886 2487 919 2543 el
932 2487 1035 2561 pietate
1046 2487 1172 2542 omnium

219 2572 333 2636 pectora
347 2563 494 2636 imbuerat,
509 2576 539 2621 nt
554 2564 623 2620 fides
642 2583 676 2621 ac
697 2563 905 2640 jusjurandum,
928 2565 1054 2638 proximo
1077 2563 1172 2638 legum

220 2658 255 2696 uc
277 2659 423 2714 poenarum
446 2654 531 2712 metu,
554 2642 696 2699 civitatem
719 2653 869 2718 regerent:
910 2652 938 2698 et
961 2660 1047 2715 quum
1069 2641 1121 2715 ipsi
1142 2660 1172 2698 sc

220 2717 349 2774 homines
372 2719 401 2775 in
426 2720 510 2794 regis,
535 2720 611 2776 velut
632 2699 710 2776 unlci
733 2720 865 2794 exempli,
888 2738 979 2776 mores
1000 2719 1170 2786 formarent3

185 2804 278 2852 autum
293 2795 405 2852 finitimi
419 2797 503 2854 etiarn
517 2798 620 2871 populi,
635 2799 682 2872 qui
697 2798 772 2864 ante,
791 2808 893 2869 castra,
908 2816 964 2854 non
979 2797 1087 2862 urbem,
1102 2797 1189 2870 posi--

219 2883 277 2928 tam
292 2873 321 2928 in
335 2874 429 2931 medio
442 2875 478 2930 ad
493 2875 698 2932 sollicitandam
718 2875 845 2932 omniurn
859 2894 969 2950 pacem,
984 2873 1172 2944 crediderant,
1186 2903 1189 2910 .

220 2949 249 3006 in
264 2969 327 3007 eam
347 2953 546 3009 verecundiam
568 2953 682 3009 adducti
707 2954 786 3018 sunt,¹
806 2963 836 3009 ut
860 2953 1012 3022 civitatem,
1034 2961 1120 3008 totam
1143 2953 1171 3007 in

219 3027 327 3084 cultum
351 3047 458 3086 versam
482 3029 618 3098 Deorum,
645 3030 741 3086 violari
765 3030 903 3087 ducerent
934 3029 1036 3088 nefas:
1076 3027 1173 3086 Lucus
1233 3099 1235 3104 Ι

219 3117 287 3176 erat,
311 3125 395 3180 quem
420 3107 545 3164 medium
566 3125 602 3166 ex
622 3125 712 3182 opaco
735 3108 821 3181 specu
844 3107 906 3164 lons
926 3106 1043 3197 perenni
1063 3105 1173 3184 rigabat

185 3200 212 3240 ss
221 3184 311 3256 aqud:
332 3185 387 3257 qud
401 3185 466 3258 quia
480 3203 510 3241 se
524 3203 648 3259 persaepe
662 3185 759 3241 Numa
769 3185 830 3241 sine
841 3185 961 3251 arbitris,
973 3185 1048 3242 velut
1059 3186 1094 3242 ad
1106 3205 1173 3242 con-

220 3278 347 3334 gressum
358 3261 437 3334 Deae,
449 3263 595 3330 inserebat,
608 3263 753 3330 Camdc'nis
764 3281 829 3318 eum
838 3262 934 3320 lucum
946 3263 1066 3320 sacravit
1077 3282 1084 3330 3
1099 3261 1172 3335 quiid

221 3355 318 3393 earum
332 3339 369 3394 ibi
383 3339 506 3396 concilia
519 3357 583 3396 cum
598 3339 720 3414 conjuge
732 3339 784 3396 sud
795 3339 898 3414 Egeria
909 3351 1012 3397 essent.
1040 3339 1077 3397 Et
1091 3339 1170 3419 [soli]

190 3475 195 3484 ⁴
220 3413 301 3480 Eidei
319 3416 434 3474 solenne
446 3417 582 3473 instituit:
597 3417 632 3472 ad
645 3417 672 3472 id
684 3417 843 3474 sacrarium,
853 3416 981 3474 flamines
995 3417 1075 3493 bigis,
1088 3437 1173 3479 curru
1229 3472 1233 3480 Δ

101 3495 122 3518 ·“
196 3473 342 3564 '‘drouato,
358 3495 421 3550 vehi
433 3494 526 3570 jussit,
541 3499 682 3567 manuque
707 3495 741 3550 ad
756 3495 858 3569 digitos
872 3515 960 3570 usque
976 3495 1098 3554 involuta
1113 3515 1172 3552 rein
1204 3498 1206 3506 ’

186 3569 343 3628 ndivinam
368 3571 479 3640 facere3
514 3571 707 3646 significantes
731 3572 815 3629 fidem
839 3573 995 3639 tutandam,
1020 3575 1172 3646 sedemque

219 3648 280 3722 ejus
293 3649 379 3706 etiam
403 3649 433 3704 in
457 3651 562 3706 dextris
576 3661 713 3706 sacratam
730 3668 801 3706 esse.
843 3649 935 3706 Multa
955 3651 1009 3706 alia
1033 3649 1173 3706 sacrificia

218 3726 336 3802 locaque
350 3727 438 3784 sacris
452 3725 599 3798 faciendis,
613 3745 674 3802 quae
689 3727 799 3801 Argeos
813 3727 960 3800 pontifices
971 3738 1081 3796 vocant,
1096 3727 1173 3781 dedi-
