2620 4220
457 347 562 402 LIBER
576 349 660 402 XXX.
685 365 747 402 car.
764 362 820 400 xnr.
1082 351 1142 412 215

145 491 220 561 ..aui
234 493 365 552 consules
379 492 434 551 Cn.
449 493 600 552 Cornelius
608 492 761 562 lentulus,
776 491 807 549 P.
823 491 916 549 AElius
929 490 1040 548 Paetust
1070 511 1142 568 prae·

146 564 167 638 Ξ
182 583 266 641 tores,
281 571 323 628 M.
337 571 442 628 Junius
456 571 581 636 Pennus,
597 571 644 626 cui
659 587 722 628 sors
733 570 842 627 urbana
855 569 968 638 evenit3
997 569 1040 626 Μ.
1055 569 1141 626 Vale·

153 649 240 726 r{rius
254 648 336 706 Falto
349 648 493 714 Bruttios,‘·
506 649 545 704 M.
560 647 667 704 Fabius
688 647 779 704 Buteo
803 647 974 717 Sardiniam,
1000 645 1031 703 P.
1047 647 1141 704 AElius

154 730 167 758 ⁴
182 726 300 784 Tubero
315 726 442 784 Siciliam
456 735 500 782 est
512 726 635 782 sortitus.
677 725 721 781 De
736 725 888 798 provinciis
906 725 1056 782 consulum
1070 725 1141 781 nihil

146 809 169 895 :5¹
183 801 250 860 antei
265 793 393 878 placebat
408 804 464 878 agi,
475 803 558 877 quim
573 803 659 876 legati
679 802 800 880 Philippi
823 802 898 876 regis
921 813 950 858 01
963 802 1142 877 Carthagini·
1176 845 1179 852 .

147 872 167 954 '5
182 881 293 938 ensium
307 881 396 938 auditi
409 891 504 940 essent
514 886 527 936 :'
550 879 615 936 belli
629 880 716 936 linem
740 879 865 951 alteriue,
888 880 1060 954 principium
1074 881 1142 938 altc-

120 959 122 963 ’
146 973 174 1038 ,02
183 957 250 1024 rius,
264 959 475 1032 prospiciebant
488 958 600 1032 animis.
642 958 697 1016 Cn.
712 957 851 1014 Lentulus
872 957 971 1014 consul
986 958 1142 1032 cupiditate

182 1034 324 1110 flagrabat
332 1037 484 1110 provinciae
499 1035 625 1103 Alricae;
653 1053 703 1091 seu
719 1035 822 1092 bellum
837 1034 918 1102 soret,
934 1035 1046 1092 facilem
1057 1035 1143 1094 victo-

182 1113 263 1180 riam,
277 1133 328 1171 scu
339 1114 399 1188 jam
413 1113 550 1182 finiretur,
565 1113 637 1170 finiti
660 1113 739 1170 tanti.
757 1113 822 1168 belli
845 1131 876 1170 se
890 1113 1008 1168 consule
1022 1113 1142 1188 gloriam

149 1209 173 1248 10
182 1201 294 1264 petens.
331 1191 447 1266 Negare
462 1191 555 1264 itaque
569 1191 651 1264 prius
664 1191 816 1264 quidquam
825 1191 871 1264 agl
886 1190 1142 1264 passurum,'quim

183 1268 236 1338 sibi
251 1269 350 1328 Asrio'a
363 1269 479 1334 decreta
492 1279 576 1336 esset,
591 1269 768 1340 concedente
791 1268 910 1343 collega,
926 1269 1070 1325 moderato
1083 1269 1143 1326 viro

182 1355 211 1402 ct
224 1347 375 1420 prudenti3
396 1347 444 1420 qui
458 1346 555 1421 glorie
575 1346 638 1421 ejus
658 1356 804 1402 certarnen
825 1364 892 1402 cum
914 1346 1058 1420 Scipione,
1072 1365 1144 1420 prae-

182 1433 310 1496 torquem
323 1424 397 1498 quiid
412 1425 539 1498 iniquum
554 1433 637 1489 esset,
652 1423 738 1493 etiam
753 1423 843 1497 impar
857 1423 980 1480 futurum
996 1423 1141 1480 cernebat.

181 1499 229 1560 Q..
238 1501 384 1558 Minucius
399 1502 544 1558 Thermus
564 1512 595 1558 et
613 1501 730 1570 Manius
751 1502 863 1558 Acilius
886 1501 1013 1573 Glabrio,
1034 1501 1142 1558 tribuni

147 1577 281 1652 replebis,
317 1586 414 1646 ι110111,
436 1579 527 1653 priore
548 1598 624 1636 anuo
650 1580 841 1653 nequidquam
873 1590 1009 1636 tentatam
1037 1579 1073 1634 ab
1093 1577 1141 1636 Ti.

144 1671 147 1675 ·
184 1656 336 1718 “Claudio
349 1657 483 1724 consule,
492 1658 547 1714 Cn.
563 1658 728 1716 Cornelium
744 1657 884 1724 tantare,'’
898 1657 1022 1714 aiebant.
1065 1666 1083 1692 “
1097 1656 1143 1714 Ex

184 1732 381 1790 “auctoritate
396 1734 510 1792 Petrum
524 1735 616 1798 latum¹
633 1737 669 1792 ad
692 1735 826 1810 populum
848 1753 921 1802 esse,
943 1735 1024 1810 cujus
1039 1733 1143 1792 vellant

184 1819 203 1845 ‘⁸
215 1810 364 1886 imperium
386 1812 415 1870 in
441 1811 540 1870 Africa
553 1832 625 1870 esse.
662 1813 773 1876 Omnes
783 1812 908 1887 quinque
921 1826 950 1870 et
964 1813 1079 1888 triginta
1093 1813 1143 1869 tri·

184 1896 202 1923 ‘¹
215 1887 268 1944 bns
281 1889 313 1944 P.
329 1889 455 1964 Scipioni
476 1890 505 1946 id
526 1890 676 1966 imperium
699 1890 859 1952 decresse?
902 1889 1002 1963 Multis
1025 1899 1144 1946 conten·

146 1983 174 2024 at
183 1965 306 2023 tionibus
320 1977 349 2024 et
362 1967 391 2025 in
406 1979 506 2024 senatu
520 1979 549 2025 et
569 1969 605 2026 ad
629 1967 763 2043 populum
787 1977 859 2038 acta,
882 1987 927 2024 res
947 1966 1088 2042 postremd
1108 1967 1143 2024 ed

182 2043 307 2102 deducta
326 2056 379 2117 est,
400 2056 432 2102 ut
455 2046 567 2103 senatui
590 2047 794 2121 permitterent.
836 2045 935 2102 Patres
958 2045 1044 2120 igitur
1057 2044 1142 2120 jurati

184 2119 237 2195 (ita
260 2123 337 2180 enim
357 2125 544 2202 convenerat)
569 2135 754 2196 censuerunt,
769 2121 810 2180 uti
830 2124 962 2180 consules
982 2123 1143 2197 provincias

182 2198 257 2256 inter
271 2219 301 2256 se
312 2201 521 2276 compararent,
536 2201 747 2268 sortirenturve,
763 2212 827 2258 uter
848 2201 970 2274 Italiam,
994 2209 1056 2256 uter
1070 2200 1143 2257 clas-

182 2295 243 2350 sem
258 2277 372 2337 navium
386 2279 590 2354 quinquaginta
604 2279 742 2336 haberet.
771 2279 827 2336 Cui
849 2279 948 2336 classis
970 2277 1142 2352 obvenisset,

146 2354 212 2411 stin
232 2355 361 2412 Siciliam
375 2357 539 2432 navigaret:
571 2357 595 2414 si
608 2361 664 2431 pa'x
678 2375 743 2414 cum
766 2357 1051 2432 Carthaginiensibus
1065 2376 1143 2414 com·

182 2433 249 2506 poni
264 2433 418 2507 nequisset,
432 2434 461 2490 in
476 2434 604 2492 Africam
626 2435 776 2509 trajiceret.
819 2435 926 2492 Consul
952 2435 1030 2504 mari,
1045 2435 1143 2510 Scipio

181 2511 293 2583 eodem,
307 2531 363 2586 quo
376 2513 480 2584 adhuc,
492 2512 555 2587 jure
569 2513 679 2586 imperii
694 2512 778 2584 terrai,
792 2507 852 2570 rem
866 2525 985 2588 gereret.
1028 2513 1059 2570 Si
1074 2532 1143 2570 con·

181 2587 304 2646 ditiones
318 2589 504 2648 convenirent
517 2591 604 2664 pacis,
619 2591 725 2646 tribuni
739 2591 829 2665 plebis
844 2591 977 2665 populum
999 2602 1142 2666 rogarent,
1165 2637 1169 2645 .

180 2667 274 2722 11111101
299 2664 454 2740 consulem,
476 2687 512 2724 an
536 2669 567 2725 P.
583 2669 757 2742 Scipionem,
775 2668 909 2743 juberent
929 2687 1029 2742 pacem
1050 2669 1140 2737 dare3

147 2753 210 2800 aret
231 2763 325 2818 quem,
349 2745 373 2802 si
396 2745 588 2820 deportandus
611 2747 753 2802 exercitus
774 2746 862 2802 victor
884 2765 919 2802 ex
934 2745 1035 2802 Africa
1056 2759 1142 2812 esset,

179 2821 337 2896 deportare.
379 2823 410 2880 Si
425 2841 525 2897 pacem
541 2843 590 2898 per
613 2823 643 2880 P.
659 2823 823 2898 Scipionem
847 2823 916 2893 dari,
940 2835 1023 2897 atque
1038 2824 1074 2880 ab
1097 2843 1144 2881 eo·

180 2899 246 2956 dem
260 2901 417 2957 exercitum
435 2901 575 2976 deportari
597 2901 757 2976 jussissent,
773 2920 808 2958 ne
823 2902 921 2958 consul
942 2901 1092 2958 0181011111
1112 2901 1142 2958 in

181 2977 311 3034 Africam
324 2979 476 3053 trajiceret.
517 2979 599 3036 Alter
612 2979 721 3048 consul,
735 2979 784 3037 0111
804 2979 888 3036 Italia
905 2979 1056 3048 evenisset,
1070 2979 1142 3036 duas

180 3053 308 3130 legiones
322 3075 341 3112 a
352 3055 393 3113 M.
406 3052 633 3133 Sertio'praetore
648 3057 800 3132 acciperet.
1157 3079 1158 3082 ¹

145 3229 174 3270 011
219 3210 303 3288 XLI.
331 3212 432 3270 Publio
446 3213 574 3289 Scipioni
596 3233 663 3270 cum
686 3214 866 3284 exercitibus,
888 3197 957 3289 quos
971 3215 1096 3283 haberet,
1112 3215 1142 3273 in

180 3289 327 3364 provinciis
340 3291 440 3347 Africa
460 3302 639 3367 prorogatum
665 3291 824 3366 imperium.
865 3291 982 3351 Praetori
1002 3295 1042 3351 M.
1060 3293 1143 3352 Vale·

92 3409 96 3416 .
180 3368 223 3447 rio
237 3367 428 3436 Faltoniduae
441 3369 569 3444 legiones
583 3369 612 3428 in
627 3367 755 3442 Bruttiis,
769 3369 871 3445 quihus
885 3371 920 3428 C.
935 3371 1034 3428 Livius
1048 3371 1142 3446 priore

180 3464 257 3504 anno
271 3447 428 3520 prefuerat,
443 3445 587 3515 1100101ος
617 3447 649 3505 P.
663 3445 757 3523 AElius
770 3461 871 3524 praetor
885 3449 957 3507 duas
970 3450 1098 3525 legiones
1113 3451 1142 3506 in

182 3524 280 3582 sicilia
294 3525 330 3581 ab
344 3525 399 3582 Cn.
414 3524 571 3582 Tremellio
584 3525 735 3600 acciperet.
775 3527 867 3603 Legio
881 3547 938 3584 una
952 3527 993 3584 M.
1008 3527 1099 3585 Fabio
1112 3528 1142 3584 in

145 3620 172 3660 rt
182 3601 353 3674 Sardiniam,
367 3621 451 3676 quam
466 3603 497 3658 P.
512 3603 652 3660 Lentulus
670 3623 720 3678 pro
740 3616 859 3680 praetore
874 3605 1027 3676 habuisset,
1043 3607 1142 3661 decer·

181 3679 267 3753 nitur.
308 3679 349 3738 M
365 3679 486 3744 Servilio
500 3680 599 3754 prioris
623 3683 690 3738 anni
715 3683 835 3755 consuli,
859 3702 926 3740 curn
948 3683 1008 3740 suis
1031 3682 1143 3739 duabus

180 3757 249 3816 item
263 3757 432 3846 legionibus,
447 3759 476 3816 in
492 3757 605 3893 filippus
616 3771 797 3838 prorogatum
811 3761 961 3837 imperium
974 3771 1026 3818 est.
1052 3759 1142 3822 Quod
