2630 4228
149 331 207 392 ιω
235 367 245 380 ,
542 296 611 382 nir
628 329 711 381 mvn

146 473 274 532 omnium
296 472 386 535 etatis
399 491 458 529 suae
472 473 559 530 fuisse
581 473 683 541 ferunt,
705 485 741 544 et,
756 493 806 530 seu
821 473 922 530 virium
936 473 973 544 vi,
998 491 1048 532 seu
1062 491 1111 533 ex·

146 550 314 607 excitatione
328 551 428 617 multia,
443 552 501 608 cibi
513 551 625 626 vinique
639 553 772 608 eumdem
785 553 1004 626 capacissimum
1018 573 1024 608 z
1052 553 1109 610 uec

147 646 212 684 curn
228 627 285 684 ullo
299 630 469 703 asperiorem
485 629 565 705 (quia
578 631 637 704 ipse
663 631 760 686 invicti
784 631 819 685 ad
841 629 967 686 laborem
982 632 1108 704 'corporis

145 708 235 783 esset)
247 707 337 762 ¹luisse
352 708 480 764 militiam
496 708 582 782 pediti
597 709 700 782 pariter
714 709 865 782 equitique.
892 707 1011 781 Equites
1021 709 1107 765 etiam

146 783 297 858 aliquando
323 803 406 842 ausos
433 785 468 840 ab
495 799 655 860 eoapetere,
684 797 715 842 ut
738 786 792 841 sibi
813 805 862 858 pro
883 804 913 841 re
935 787 1008 841 bene
1029 785 1108 860 geste
1129 805 1162 844 ⁵·
1234 835 1237 838 .
1309 843 1310 852 ,

145 861 251 920 laxaret
277 863 381 936 aliquid
403 863 522 920 laboris:
555 863 658 937 quibus
685 859 742 933 ille,
771 863 846 919 “Ne
868 863 937 919 nibil
959 865 1110 920 remissum

145 951 162 976 “
173 940 285 1006 dicatu,
300 941 443 1016 remitto,”
458 941 558 1014 inquit,
580 950 596 974 ¹⁴
608 960 644 996 ne
660 941 756 1015 utique
777 941 890 997 dorsum
913 941 1106 1011 demulceatis,

144 1027 260 1092 “quum
274 1037 309 1074 ex
324 1019 404 1092 equis
417 1019 599 1075 descendetis
612 1019 645 1074 :”
674 1030 703 1074 et
717 1019 758 1074 ris
772 1030 833 1074 erat
857 1017 886 1074 in
900 1037 935 1074 eo
949 1019 1007 1074 viro
1021 1019 1108 1092 impe-

145 1097 179 1153 rii
204 1097 307 1170 ingens
325 1097 429 1170 pariter
445 1097 473 1152 iu
498 1097 589 1152 socios
610 1097 751 1170 civesque.
794 1097 987 1152 Praenestinus
1007 1109 1108 1170 praetor

142 1175 335 1248 pertimerem
358 1173 473 1248 segnitie
497 1193 532 1232 en
553 1174 687 1230 subsidiis
707 1193 774 1229 suos
794 1175 913 1230 duxerat
935 1175 963 1230 in
989 1175 1107 1247 primam
1120 1193 1143 1231 ro

143 1253 254 1307 aciem:
276 1271 360 1325 quem
374 1270 460 1326 quum
482 1251 663 1310 inambulans
687 1263 753 1307 ante
774 1251 990 1307 tabernaculum
1013 1252 1108 1308 vocari

139 1329 279 1405 jussisset,
294 1330 422 1386 lictorem
437 1330 569 1403 expedire
584 1329 707 1384 securim
724 1329 827 1403 jussit:
859 1329 894 1384 ad
909 1347 993 1402 quam
1008 1347 1107 1391 vocem

142 1408 266 1464 exanimi
287 1418 378 1462 stante
400 1407 584 1472 Praenestino,
606 1416 622 1439 ‘⁴
635 1407 778 1482 Agedum,
801 1407 891 1475 lictor,
915 1407 1017 1462 excide
1033 1408 1105 1465 radi·
1193 1473 1197 1478 ι

144 1496 235 1541 “cem
251 1483 469 1556 banc‚’'‘inquit‚
494 1484 731 1540 “incommodam
756 1485 1010 1540 ambulantibus:'’
1047 1505 1107 1558 per·

5 1545 7 1552 ¹
54 1600 57 1605 v
145 1562 298 1634 susumque
314 1561 404 1617 ultimi
420 1560 550 1635 supplicii
566 1573 654 1626 metu,
671 1562 860 1627 multudine,
875 1562 990 1626 dimisit.
1022 1561 1144 1618 Heudro

145 1636 232 1696 dubie
247 1639 296 1694 illa
310 1650 402 1709 etate,
416 1641 470 1712 qud
485 1639 562 1694 nulla
578 1640 710 1695 virtutum
725 1639 844 1695 feracior
859 1639 921 1704 suit,
936 1658 1021 1695 nemo
1034 1659 1108 1696 unus

143 1727 203 1773 erat
225 1717 274 1786 vir,
295 1735 351 1790 quo
365 1717 456 1790 magis
477 1717 570 1771 innisa
592 1736 637 1772 res
658 1717 791 1772 Romana
816 1717 918 1772 staret:
953 1718 1021 1790 quin
1042 1737 1107 1774 eum

142 1813 240 1869 parem
255 1794 399 1850 destinant
412 1794 515 1850 animis
529 1793 638 1869 Magno
659 1795 823 1852 Alexandro
847 1795 960 1860 ducem,
981 1795 1004 1850 si
1019 1809 1107 1862 arma,

148 1873 217 1928 Asit
232 1871 398 1947 perdomiti,
414 1873 441 1928 in
457 1871 601 1946 Europam
616 1871 752 1928 vertisset.

183 2029 284 2087 XVII.
319 2028 399 2087 Nihil
419 2029 512 2086 mimis
534 2029 682 2103 quaesitum
706 2047 723 2086 a
746 1993 886 2106 principio
911 2029 995 2104 hujus
1015 2028 1143 2103 operisee

144 2109 233 2166 videri
248 2120 347 2183 potest,
362 2109 445 2182 quim
461 2109 576 2181 utplus
596 2109 671 2182 justo
693 2109 728 2163 eb
749 2127 842 2164 rerum
863 2109 962 2163 ordine
984 2107 1109 2162 declina·

144 2206 204 2243 rem
217 2207 224 2256 ;
245 2187 482 2259 varietatibusque
496 2187 699 2260 distinguendo
712 2205 807 2260 opere,
822 2197 850 2242 et
863 2182 1025 2260 legentibus
1034 2185 1109 2240 velut
1127 2255 1129 2259 Δ

145 2263 312 2320 diverticula
327 2283 448 2328 amoma,
463 2274 492 2319 et
506 2264 631 2336 requiem
647 2265 742 2320 animo
757 2283 820 2320 meo
829 2279 982 2337 quaererem
993 2281 1000 2316 ε
1013 2265 1107 2318 tamen

147 2342 218 2398 tanti
233 2343 307 2414 regis
327 2359 362 2396 ac
376 2341 458 2395 ducis
480 2341 597 2408 mentio,
618 2341 720 2413 quibus
732 2361 809 2415 saepe
826 2341 919 2397 tacitis
933 2339 1110 2415 cogitationi-

146 2420 199 2474 bus
220 2417 354 2474 volutavit
374 2418 510 2484 animum,
524 2436 573 2473 eas
592 2430 693 2473 evocat
714 2419 742 2474 in
764 2421 910 2485 medium;
941 2429 971 2474 ut
984 2437 1146 2491 quaererem

145 2497 242 2561 libeat,
264 2495 380 2569 quinaln
401 2496 682 2552 eventus-Romanis
703 2497 797 2563 rebuS,
813 2497 836 2552 si
857 2515 922 2552 cum
946 2496 1110 2551 Alexandro

146 2575 219 2632 soret
240 2575 383 2644 bellatum,
406 2573 516 2629 suturus
537 2573 630 2630 fuerit.
682 2573 837 2630 Plurimum
860 2574 889 2629 in
911 2573 985 2648 bello
1006 2573 1110 2650 pollere

147 2653 279 2709 videntur
295 2653 415 2708 militum
430 2653 512 2726 copia
525 2655 555 2708 e't
569 2653 664 2720 virtus,
690 2652 806 2726 ingenia
829 2648 1046 2725 imperatorum·
1059 2651 1111 2706 lor-

146 2745 224 2801 tuna,
253 2731 420 2806 peremnia
442 2731 575 2796 bumana,
598 2729 719 2786 maxim}
741 2730 769 2785 in
787 2725 832 2784 re's
853 2729 978 2798 bellicae,
999 2739 1108 2802 potens.

147 2809 200 2878 Ea,
222 2820 250 2865 et
271 2809 384 2883 singula
405 2809 525 2865 intuenti
548 2820 576 2864 et
598 2809 737 2873 universa,
763 2809 837 2864 sieut
857 2808 892 2863 ab
913 2807 975 2862 aliis
997 2807 1111 2880 regibus
1120 2825 1147 2864 ao

146 2888 346 2962 gentibusque,
359 2887 397 2942 ita
410 2887 446 2941 ab
461 2887 514 2942 hoc
528 2905 649 2960 quoque,
661 2885 745 2942 facile
761 2897 893 2960 praestant
904 2885 1040 2941 invictum
1055 2884 1112 2938 llo-

148 2985 263 3022 manum
285 2964 444 3038 imperium.
467 3005 468 3012 κ
499 2965 563 3020 Jarn
592 2963 721 3038 primum,
755 2977 784 3022 ut
811 2964 904 3024 ordior
933 2963 968 3017 ab
989 2962 1112 3018 ducibus

149 3043 359 3116 comparandiS,
381 3041 455 3098 baud
470 3042 601 3116 equidem
617 3039 720 3108 abnuo,
736 3043 884 3116 egregium
899 3042 1004 3096 ducem
1024 3039 1112 3094 luisse

149 3121 362 3187 Alexandrum
397 3121 446 3175 sed
472 3119 619 3176 clariorem
644 3130 740 3176 tamen
761 3119 919 3189 eumfacit,
941 3117 1016 3191 quod
1038 3135 1112 3172 unus

149 3198 211 3264 luit,
224 3195 297 3270 qutid
313 3198 479 3253 adolescens
501 3199 529 3254 in
545 3198 721 3254 incremento
735 3217 839 3269 rerum,
852 3196 980 3252 nondum
995 3193 1111 3250 alteram
1122 3215 1148 3252 85

151 3276 292 3333 fortunam
307 3285 447 3348 expertae,
462 3275 594 3332 decessit.
636 3275 675 3333 Ut
689 3275 758 3331 alios
772 3294 853 3350 reges
863 3276 954 3331 claros
968 3275 1113 3345 ducesque

149 3355 287 3418 omittam,
310 3371 413 3426 magna
440 3353 573 3428 exempla
603 3371 720 3408 cesuum
750 3354 961 3420 humanorum
996 3351 1113 3424 Cyrum,

150 3451 232 3506 quem
262 3431 382 3487 manime
403 3431 497 3486 Graeci
525 3428 657 3486 leudibus
677 3431 831 3496 celebrant,
853 3431 931 3504 quid,
954 3429 1007 3486 nisi
1029 3429 1115 3504 longa

151 3509 217 3580 vita,
232 3509 457 3584 sicutllagnum
480 3507 563 3564 morli)
583 3508 759 3582 Pompejum,
781 3510 899 3566 vertenti
921 3507 1042 3583 praebuit
1063 3506 1115 3561 sor-

151 3590 251 3644 tunael
304 3587 485 3644 Recenseam
511 3587 599 3642 duces
614 3587 772 3658 Romanos,
792 3605 846 3642 uec
867 3601 967 3643 onmes
986 3585 1150 3642 oniniumtu

152 3666 287 3735 aetatium,
303 3665 352 3720 sed
369 3665 442 3738 ipsos
456 3685 514 3730 eos,
530 3683 596 3720 cum
611 3664 712 3736 quibus
726 3665 891 3720 oonsulibus
906 3675 953 3720 aut
974 3662 1116 3719 dictatori·

152 3742 205 3798 bus
234 3743 398 3802 Alexandro
426 3743 479 3800 luit
508 3741 692 3809 bellandum3
735 3741 776 3797 M.
805 3741 951 3798 Valerium
980 3741 1115 3806 Corvum,

1299 428 1304 513 l
