2632 4224
137 361 176 420 16
197 377 206 384 -
529 359 598 408 rin
615 359 695 406 mvn

75 551 78 558 .
175 501 259 559 XIV.
282 501 348 558 Post
370 501 476 576 aliquot
495 520 593 571 annos,
615 500 764 576 propinqui
784 501 860 577 regis
885 501 965 559 Tatii
987 502 1131 584 legatos?

137 579 323 637 Laurentium
337 580 467 669 pulsant:
482 599 624 669 quumque
639 579 797 635 Laurentes
814 579 877 654 jure
891 580 1019 714 pestium
1031 603 1096 658 age·
1111 587 1125 660 ξ,

137 668 210 723 rent,
225 659 300 732 apud
321 659 438 718 'l‘atium
459 669 684 734 gratissumum
704 666 733 712 et
753 676 853 731 preces
873 678 936 733 pus
955 670 1130 740 poterant&

137 733 228 809 Igitur
251 735 362 793 illorum
385 755 497 810 posnam
519 735 549 792 in
569 755 600 792 se
623 735 722 800 vertit:¹
742 754 809 792 nam
823 735 943 807 Lauinii,
957 757 1044 811 quum
1059 739 1095 796 ad
1111 791 1124 818 ‚
1163 763 1165 767 ’

137 813 253 870 solenne
267 813 439 870 sacrificium
460 812 503 892 eri¹
514 813 646 880 venisset,
661 832 803 870 concursu
818 813 903 886 facto,
917 815 1094 874 interficitur.
1103 823 1125 896 i*

136 889 208 947 Eum
223 910 282 947 rem
297 891 390 947 mimis
404 890 479 1026 aefigrd
503 889 587 964 quiam
608 892 728 966 dignum
741 901 814 964 erat,'
825 893 923 949 tulisse
937 893 1094 950 Romulum
1110 913 1129 987 ἒ

136 968 249 1038 serunt3
271 988 320 1025 seu
334 971 372 1026 ob
385 970 414 1026 in
436 970 501 1026 dam
516 969 679 1026 societatem
694 970 785 1044 regni,
800 987 851 1026 seu
873 971 939 1045 quia
962 971 1038 1028 haud
1052 971 1130 1040 iuda

132 1045 209 1120 jnrid
232 1065 337 1104 caesum
359 1045 515 1106 credebat?
545 1047 644 1121 ltaque
668 1047 742 1104 bello
755 1047 869 1122 quidem
888 1048 1043 1106 abstinuit:
1063 1061 1096 1106 ut

136 1135 232 1180 tamen
246 1125 426 1199 expiarentur
441 1125 597 1200 legatorum
616 1125 726 1200 injuriae
739 1125 869 1200 regisque
884 1127 988 1198 caedes,
1002 1127 1095 1186 foedus

69 1205 73 1212 '
135 1202 209 1258 iuter
224 1203 346 1260 Romam
361 1202 569 1277 Laviniumque
592 1203 677 1259 nrbes
699 1213 864 1260 renovatum
883 1215 934 1260 est.
977 1201 1014 1261 Et
1026 1225 1129 1265 cum1o

135 1279 180 1336 his
193 1280 307 1354 quidem
329 1281 471 1356 insperata
491 1300 546 1356 pax
570 1291 646 1338 erat:
667 1281 743 1338 aliud
764 1280 852 1338 multd
873 1280 996 1357 propitia,
1011 1294 1094 1358 atque

134 1357 165 1414 in
189 1358 257 1432 ipsis
276 1358 363 1434 prope
378 1359 472 1434 portis,
495 1359 597 1415 bellum
621 1370 722 1416 ortum.
765 1357 929 1432 Fidenates,
950 1361 1036 1416 nimis
1057 1362 1095 1418 vi·
1111 1391 1143 1438 ··⁴.

75 1491 78 1498 ,
134 1435 215 1492 cinas
238 1455 324 1511 prope
348 1457 378 1494 se
402 1437 601 1496 convalescere
625 1456 693 1512 opes
719 1436 966 1512 ratinriusquam
981 1449 1095 1498 ,tanturn
1143 1439 1145 1441 ’

134 1513 242 1570 roboris
255 1525 338 1582 esset,
353 1526 489 1590 quantum
511 1514 635 1572 futurum
650 1515 811 1590 apparebat,
825 1526 969 1590 occupant
989 1517 1094 1574 bellum

134 1591 238 1648 facere.
280 1593 298 1648 J
301 1605 434 1650 uventute
449 1593 557 1648 armata
570 1593 706 1663 immissa,
722 1603 846 1650 vastatur
857 1595 918 1670 agri
928 1595 1003 1668 quod
1021 1595 1094 1652 inter
1105 1617 1129 1656 15

133 1668 239 1726 Urbem
255 1689 289 1727 ac
303 1671 429 1726 Fidenas
442 1681 493 1726 est.
535 1670 607 1726 Inde
631 1671 664 1726 ad
690 1671 789 1726 laevam
813 1671 895 1743 versi,
909 1673 975 1745 quia
995 1673 1095 1729 dextra

53 1744 55 1748 ’
134 1747 250 1804 Tiberis
264 1749 388 1814 arcebat,
408 1767 474 1804 cum
496 1749 600 1823 magnei
624 1749 810 1823 trepidatione
832 1751 986 1823 agrestium
1006 1769 1094 1824 popu·

133 1826 245 1882 lantur:
268 1827 460 1900 tumultusque
475 1845 585 1901 repens,
600 1845 635 1898 ex
657 1826 731 1901 agris
752 1827 781 1882 in
806 1826 912 1894 Urbem
927 1827 1029 1897 illatus,
1043 1847 1094 1902 pro

134 1904 234 1960 nuntio
248 1904 310 1961 suit.
351 1904 471 1960 Excitus
485 1905 627 1961 Romulus
642 1903 838 1980 (nequeenim
857 1903 1020 1961 dilationem
1035 1906 1093 1979 pati

133 1993 190 2038 tam
215 1983 340 2040 vicinum
365 1983 470 2039 bellum
491 1983 613 2058 poterat)
637 1983 794 2038 exercitum
820 1982 936 2038 educit:
964 1993 1057 2039 castra
1076 2001 1127 2043 aaa

134 2059 253 2117 Fidenis
267 2061 343 2116 mille
364 2079 497 2135 passuum
518 2061 609 2117 locat:
638 2060 677 2116 ibi
699 2060 810 2116 modico
832 2059 962 2134 praesidio
983 2060 1092 2127 relicto,

134 2157 264 2212 egressus
277 2139 411 2194 omnibus
432 2138 530 2212 copiis,
544 2149 652 2214 partem
674 2137 794 2194 militum
817 2137 887 2194 locis
908 2138 986 2194 circa
1005 2139 1095 2194 densa

63 2229 76 2260 ··
133 2212 225 2272 obsita
246 2215 367 2290 virgulta
389 2215 518 2282 obscuris
541 2216 688 2272 subsidere
712 2215 741 2270 in
765 2215 876 2271 insidiis
893 2215 996 2290 jussit:
1027 2235 1092 2273 cum

133 2304 212 2368 parte
226 2295 332 2370 majore
346 2304 428 2368 atque
442 2293 519 2350 omni
535 2293 661 2366 equitatu
674 2292 826 2366 profectus,
858 2293 896 2378 idk
919 2295 974 2350 uod
1007 2313 1094 2350 uaere-

134 2371 196 2450 bat)
212 2371 385 2430 tumultuoso
398 2382 427 2428 et
441 2371 546 2456 minaci
580 2378 633 2426 ene
650 2390 666 2426 e
687 2365 837 2444 pugnae&
854 2313 1014 2464 eoripaddd
1025 2371 1128 2446 ipsisss

134 2450 219 2524 prope
234 2450 330 2524 portis,
345 2451 455 2506 hostem
469 2390 618 2506 *difidit*
631 2467 693 2524 ugae
713 2443 833 2522 quoque,
855 2467 917 2522 quae
931 2449 1093 2506 simulanda

134 2538 204 2594 erat,
218 2528 319 2584 eadem
333 2529 470 2602 equestris
483 2546 579 2604 pugna
587 2545 703 2583 causam
717 2525 813 2584 minus
826 2526 983 2583 mirabilem
998 2527 1092 2584 dedit:

134 2617 163 2662 et
182 2625 278 2680 quum,
304 2606 379 2662 velut
399 2607 472 2665 iuter
489 2625 593 2681 pugna:
614 2605 744 2680 fugaeque
765 2603 914 2661 consilium
935 2605 1093 2680 trepidante

135 2685 271 2758 equitatu,
285 2685 373 2759 parles
386 2703 496 2758 quoqne
511 2685 627 2740 referret
639 2683 769 2758 gradum,
784 2683 875 2756 plenis
894 2684 1010 2758 repente
1032 2702 1094 2758 por·
1149 2685 1152 2690 ’

52 2816 56 2826 ,
134 2763 171 2819 tis
184 2763 266 2819 effusi
281 2764 385 2828 hostes,
400 2763 521 2836 impulsa
543 2762 677 2818 Romana
698 2761 770 2832 acie,
790 2761 884 2830 studio
907 2761 1031 2817 instandi
1051 2780 1128 2825 seso

50 2835 53 2846 ,
93 2857 101 2872 „
135 2841 296 2921 quendiqne
323 2841 456 2904 trahuntu
495 2840 645 2936 adplpcum
672 2839 853 2895 insidiarum·
877 2837 973 2894 ”Indo
1000 2837 1093 2894 subitd

32 2906 227 2994 (P'Wlffltidiii
248 2919 373 2976 Romani
388 2860 575 3004 trdffdFe‘isam
597 2917 734 2992 invadunt
747 2917 870 2973 hostium
892 2917 994 2972 aciem.
1022 2917 1095 2974 ,Ad-

135 2997 208 3054 dunt
227 3015 359 3072 pavorem
379 2982 456 3053 mrita
475 3015 497 3052 e
512 2996 611 3052 castris
625 2995 707 3071 signa
726 3013 836 3061 eorum,
849 2995 897 3068 qui
918 2995 947 3050 in
962 2995 1095 3068 presidio

135 3075 228 3132 relicti
255 3075 385 3132 fuerant:
413 3075 452 3131 ita
475 3073 624 3149 multiplici
645 3086 751 3130 terrore
778 3073 901 3148 perculsi
929 3071 1093 3139 Fidenates,

135 3153 214 3228 priris
234 3171 315 3228 paene
335 3150 419 3226 quim
444 3151 597 3218 Romulus,
621 3151 725 3226 quique
745 3169 867 3230 cumkeo
889 3151 970 3224 equis
993 3151 1129 3217 ierantas

136 3232 365 3308 circumagerent
378 3231 465 3286 frenis
479 3250 576 3304 equos,
591 3241 671 3302 terga
681 3240 810 3297 vertunt3
826 3227 968 3302 multoque
979 3228 1096 3297 effusids

139 3310 254 3386 (quippe
277 3328 342 3365 vera
363 3308 454 3387 fuga),
467 3309 515 3384 'qui
538 3308 703 3364 simulantes
717 3305 800 3382 pauld
814 3307 878 3364 ante
893 3307 984 3362 secuti
1005 3317 1095 3375 erant,

136 3389 270 3464 oppidum
285 3387 467 3462 repetebant:
489 3406 545 3444 non
562 3396 656 3442 tamen
671 3386 799 3460 eripuere
820 3404 850 3440 se
871 3385 963 3441 hosti:
985 3385 1096 3440 haerens

136 3467 260 3542 iu-terga
274 3467 434 3536 Romanus,
448 3463 623 3540 pruisquam
638 3463 711 3521 sores
731 3473 874 3539 portarum
895 3463 1095 3536 objicerentur,
1112 3468 1114 3473 '

137 3544 213 3602 velut
227 3543 340 3620 agmine
355 3563 412 3600 uno
425 3543 562 3618 irrumpit.
833 3537 842 3557 ‘
1105 3561 1131 3603 ro

177 3701 243 3758 XV.
265 3699 338 3758 Belli
358 3699 508 3756 Fidenatis
521 3699 692 3774 contagione
710 3696 809 3754 irritati
830 3696 995 3772 Vejentium
1009 3697 1097 3756 animi

137 3789 166 3837 et
179 3777 427 3856 consanguinitate
443 3779 523 3853 (nam
538 3777 692 3834 Fidenates
705 3794 815 3852 quoque
830 3776 944 3834 Etrusci
960 3775 1097 3856 luerunt),
