2630 4228
493 358 605 410 LIBER*
616 359 659 410 Νι
692 373 754 412 συ.
765 376 810 410 ιιι.
1097 365 1161 426 m

189 497 313 561 “omnia
326 519 385 558 non
398 500 538 572 mitiorem
553 501 582 558 in
598 521 629 558 se
641 502 765 578 plebem,
787 500 845 558 sed.
859 499 1033 575 asperiorem
1047 501 1103 560 alia
1116 523 1153 563 ex

189 577 279 634 “aliis
293 578 433 653 iniquiora
452 579 630 653 postulando,
653 597 740 653 quum
761 579 853 653 prima
873 577 1061 653 impendisset,
1076 581 1152 637 futu·

189 661 208 692 “
217 673 288 722 rem,
303 654 393 729 primii
407 657 561 728 quamlibet
572 657 786 713 dimicationem
794 654 937 712 subituros
950 655 1036 712 fuisse
1045 658 1149 730 potius,

189 731 302 806 “quim
315 751 364 788 ens
377 731 456 807 leges
469 733 523 790 sibi
538 733 644 808 imponi
658 743 830 807 paterentur.
864 731 946 792 Quia
958 742 1018 790 tum
1033 752 1151 792 oonees·

165 813 207 860 δ’*
217 827 281 866 sum
291 809 328 866 sit
341 810 377 865 de
391 811 521 876 tribunis,
537 811 637 867 iterum
650 826 820 868 conoessum
827 828 900 866 esse.
921 809 1025 866 Finem
1033 829 1090 868 non
1102 812 1150 868 fis

188 891 207 924 “
215 886 257 942 ri:
278 906 336 943 non
349 905 432 961 posse
443 887 472 946 in
481 888 583 944 eidem
595 888 709 944 civitate
723 887 852 946 tribunos
862 887 952 960 plebis
959 897 989 944 et
1000 887 1097 944 Patres
1105 908 1150 946 es·

188 969 206 1000 “
214 983 246 1020 se
259 983 265 1020 :
281 975 329 1020 eut
339 965 416 1021 buno
426 965 566 1035 ordinem,
575 974 624 1022 aut
635 964 713 1022 illum
719 964 929 1040 magistratum,
939 964 1093 1022 tollendum
1105 985 1149 1024 es-

187 1047 265 1096 ιιειιι
296 1042 443 1116 petitisque
456 1040 622 1117 seroqutm
631 1060 776 1117 nunquam
794 1041 906 1099 obviam
917 1043 1044 1098 eundum
1061 1044 1148 1100 auda·

187 1119 268 1174 “oie
281 1119 495 1193 temeritatique.
517 1119 601 1176 Illine
610 1130 641 1176 ut
654 1118 770 1194 impune
784 1117 875 1193 prirnd
888 1119 1045 1176 discordias
1052 1138 1148 1178 seren·

154 1208 177 1246 1⁰
187 1201 206 1233 ‘⁴
216 1205 259 1252 tes
272 1196 418 1254 concitent
431 1196 552 1256 finitima
566 1196 649 1262 bella,
674 1196 780 1254 deinde
798 1197 989 1264 adversantem
1003 1215 1067 1270 qun
1080 1217 1148 1254 oon·

186 1278 206 1310 ‘⁶
215 1273 372 1346 citaverint,
394 1275 494 1330 armari
517 1273 661 1332 civitatem
681 1273 854 1348 defendique
872 1273 1040 1348 prohibeant
1054 1277 1073 1348 ²,
1106 1287 1146 1348 et,

186 1355 300 1423 “quum
315 1351 411 1408 hostes
429 1349 539 1410 tanturn
553 1369 611 1408 non
635 1350 826 1422 oroessierint,
839 1350 984 1410 exereitus
1003 1353 1146 1411 eonsoribi

186 1433 205 1465 “
216 1428 349 1485 adversus
361 1429 455 1486 hostes
463 1447 520 1486 non
529 1427 693 1502 patianturl
714 1428 772 1484 Sed
783 1428 887 1484 audeat
895 1427 1051 1503 Canuleius
1063 1429 1092 1486 in
1103 1449 1147 1486 se-

186 1510 204 1540 “
214 1517 281 1567 natu
297 1504 432 1579 proloqui,
447 1524 488 1572 se,
503 1505 558 1562 nisi
572 1523 638 1562 suas
652 1504 738 1580 leges,
749 1514 893 1579 tamquam
907 1505 1032 1574 vintoris,
1047 1506 1146 1564 Patres

153 1582 579 1656 15“aooipi'sinant‚deleetum
591 1582 689 1640 haberi
703 1581 909 1657 prohibiturum
921 1601 929 1639 ι
949 1583 1016 1657 quid
1025 1601 1088 1640 esse
1097 1584 1146 1640 eli·

184 1663 204 1694 “
220 1659 266 1728 ud,
280 1657 365 1732 quim
381 1660 493 1726 minari,
504 1679 535 1716 se
546 1660 722 1734 proditurum
732 1659 872 1734 patriaml
893 1661 1050 1735 oppugnari
1062 1673 1145 1736 etque

185 1745 201 1768 ‘¹
211 1737 275 1809 oapi
289 1755 437 1811 passurum
451 1739 462 1792 l
483 1737 623 1810 quideem
634 1755 732 1795 vooern
742 1736 913 1806 animorum,
926 1755 984 1794 non
998 1737 1073 1811 plebi
1087 1739 1146 1795 Ro·

184 1817 204 1848 “
215 1831 317 1879 ιιιιιιω,Ι
330 1814 381 1870 sed
397 1814 547 1871 Volsoiset
562 1814 663 1888 AElquis
673 1825 702 1870 ot
710 1813 879 1888 Vejentibus
887 1814 1042 1872 allaturam.
1064 1815 1143 1872 Non·

184 1895 203 1926 “
212 1909 259 1962 ne,
274 1891 414 1966 Canulejo
427 1891 512 1962 duee,
535 1910 566 1948 se
589 1902 749 1966 speraturos
763 1890 936 1966 Capitolium
949 1901 1032 1964 atque
1046 1909 1143 1948 amem

146 1973 203 2024 eo“
211 1969 349 2026 scandere
363 1987 455 2043 posse,
477 1969 500 2025 si
516 1968 650 2026 Patribus·
659 1968 776 2034 tribuni,
797 1986 864 2024 oum
873 1969 936 2043 jure
950 1986 985 2024 ae
999 1969 1144 2042 majestate

183 2049 203 2081 “
212 2046 352 2120 adempte,
368 2047 477 2104 animos
490 2046 576 2102 etiem
590 2045 767 2120 eripuerintl
809 2043 950 2102 Consules
963 2059 1073 2119 paratos
1081 2063 1144 2102 esse

182 2130 202 2160 ‘⁶
211 2123 301 2180 duces
313 2123 395 2198 prius
403 2124 537 2180 adversus
551 2123 645 2180 soelus
655 2123 770 2194 oinium,
781 2122 868 2198 qudtn
877 2123 1011 2180 adversus
1020 2122 1142 2178 bostium

223 2356 279 2416 ΙΙΙ.
306 2357 409 2420 Quum
453 2360 544 2418 anime
559 2361 621 2418 heo
634 2360 664 2418 in
685 2370 786 2418 senatu
809 2369 972 2436 egerentur,
987 2358 1145 2434 Canuleius

145 2455 173 2494 es
181 2453 232 2508 pro
245 2435 356 2510 legibus
369 2438 428 2496 suis
441 2449 471 2496 et
484 2439 619 2496 adversus
631 2439 764 2496 eonsules
776 2439 816 2496 ite
828 2437 981 2496 disseruit:
1013 2444 1032 2474 ‘⁶
1042 2437 1145 2498 Quan-

182 2516 200 2548 “
209 2523 305 2587 tepere
319 2533 379 2586 vos,
392 2515 532 2585 Quirites,
547 2527 763 2574 contemnerent
782 2517 889 2588 Patres,
903 2514 989 2589 quim
1009 2515 1144 2588 indignos

181 2595 201 2626 “
209 2591 357 2663 ducerent,
365 2595 420 2666 qui
435 2597 492 2649 uni
506 2611 605 2650 secum
615 2593 690 2648 urbe
714 2593 788 2650 intra
800 2594 901 2650 eadem
916 2592 1024 2648 rnoeuia
1037 2591 1145 2646 vivere·

181 2672 200 2704 “
209 2668 255 2733 tis,
270 2688 345 2743 saepe
361 2671 493 2744 equidem
515 2679 545 2726 et
567 2670 634 2726 ante
657 2670 753 2726 videor
776 2668 1030 2726 animadvertisse:
1065 2687 1144 2724 nuno

181 2750 199 2781 “
208 2755 304 2802 tamen
320 2747 452 2816 maxime,
470 2746 547 2822 qudd
568 2745 639 2802 oded
653 2757 764 2804 atrooes
786 2747 816 2802 in
841 2747 892 2802 has
905 2745 1066 2820 rogationes
1080 2763 1145 2802 nos-

145 2842 171 2881 ιι
181 2827 199 2860 “
209 2833 265 2881 tres
278 2825 366 2882 ooorti
381 2835 466 2894 sunt3
498 2825 600 2898 quibus
613 2824 680 2897 quid
695 2824 772 2880 aliud
792 2823 877 2898 quim
892 2823 1088 2892 admonemus,
1102 2822 1144 2878 oi-

150 2912 152 2916 ·
180 2904 199 2939 “
209 2919 257 2957 ves
270 2921 323 2958 nos
335 2921 434 2959 eorum
445 2921 519 2968 esse,
544 2912 583 2974 et,
606 2903 630 2958 si
644 2920 702 2958 non
723 2902 838 2958 easdem
851 2919 920 2976 opes
938 2900 1052 2966 habere,
1066 2918 1143 2956 eanr-

180 2978 272 3034 “dem
287 2990 383 3038 temen
399 2981 517 3054 patriam
532 2979 680 3038 ineolerel
709 2978 995 3038 Altertioonnubium
1009 2977 1141 3051 petimus,

180 3057 281 3130 “quod
297 3057 424 3115 finitimis
447 3057 626 3132 externisque
650 3057 711 3116 dari
725 3057 814 3116 solet:
849 3076 901 3114 nos
913 3055 1029 3130 quidem
1043 3055 1142 3114 eivita-

179 3137 199 3172 “
207 3144 274 3200 tem,
289 3154 352 3209 quae
366 3136 429 3211 plus
441 3137 526 3211 quim
541 3136 716 3192 oonnubium
738 3145 791 3202 est,
816 3134 944 3192 hostibus
957 3133 1044 3190 etiam
1059 3133 1141 3192 vietis

143 3212 346 3270 as“dedimus.
389 3214 489 3272 Alterd
502 3213 573 3271 nihil
588 3214 653 3271 novi
667 3213 802 3282 serimus;
834 3212 938 3284 nediu,
956 3212 1030 3287 quod
1044 3212 1140 3286 populi

179 3295 259 3361 “est,
274 3291 427 3365 repetimus
437 3303 520 3366 atque
534 3310 722 3366 usurpamus3
757 3302 797 3358 ut,
811 3290 1006 3366 quibusvelit,
1020 3290 1148 3365 populus-

178 3367 357 3426 “Romanus
371 3371 491 3428 honores
505 3371 628 3428 mandet.
669 3369 750 3430 Quid
765 3370 884 3428 tandem
893 3379 946 3436 est,
968 3387 1020 3426 our
1034 3368 1140 3424 ooelum

178 3450 242 3502 “ae
256 3458 345 3526 terras
358 3448 514 3516 misoeant;
543 3448 638 3505 curin
653 3465 698 3504 me
713 3448 834 3522 impetus
854 3445 938 3504 modo
956 3464 1037 3521 paene
1053 3449 1081 3502 in
1097 3463 1140 3501 se·

177 3529 276 3582 “natu
289 3525 328 3582 sit
340 3526 454 3582 laetus?
477 3536 583 3602 negent
596 3545 627 3582 se
640 3525 771 3582 manibus
794 3535 1009 3600 temperaturos,
1022 3523 1140 3580 violetu-

144 3607 308 3678 ⁴⁰“rosque
327 3604 497 3660 denuntient
521 3615 729 3660 sacrosanctam
751 3602 941 3677 potestateml
983 3601 1145 3676 Sipopulo:

178 3687 197 3718 “
207 3681 340 3738 Romano
353 3682 473 3738 liberum
487 3681 653 3756 suffragium
666 3681 758 3747 datur,
773 3692 814 3745 ut,
830 3681 933 3754 quibus
947 3679 1023 3744 velit,
1037 3695 1140 3733 eonsu-

177 3761 294 3817 “latum
310 3760 435 3827 mandet,
459 3772 488 3817 et
513 3779 569 3818 non
583 3759 744 3834 praeciditur
757 3777 822 3832 spes
842 3758 954 3832 plebejo
973 3774 1093 3830 quoque,
1114 3757 1137 3810 si
