<?xml version="1.0" encoding="UTF-8"?>
<!DOCTYPE html PUBLIC "-//W3C//DTD XHTML 1.0 Transitional//EN"
    "http://www.w3.org/TR/xhtml1/DTD/xhtml1-transitional.dtd">
<html xmlns="http://www.w3.org/1999/xhtml" xml:lang="en" lang="en">
 <head>
  <title>
</title>
<meta http-equiv="Content-Type" content="text/html;charset=utf-8" />
  <meta name='ocr-system' content='tesseract 3.04.00' />
  <meta name='ocr-capabilities' content='ocr_page ocr_carea ocr_par ocr_line ocrx_word'/>
</head>
<body>
  <div class='ocr_page' id='page_1' title='image "./historiarumetse01livygoog_0182.png"; bbox 0 0 2630 4228; ppageno 0'>
   <div class='ocr_carea' id='block_1_1' title="bbox 524 337 1171 398">
    <p class='ocr_par' dir='ltr' id='par_1_1' title="bbox 524 337 1171 398">
     <span class='ocr_line' id='line_1_1' title="bbox 524 337 1171 398; baseline -0.015 0"><span class='ocrx_word' id='word_1_1' title='bbox 524 345 630 398; x_wconf 82' lang='lat' dir='ltr'>LIBER</span> <span class='ocrx_word' id='word_1_2' title='bbox 644 345 716 396; x_wconf 75' lang='lat' dir='ltr'><strong>xxi.</strong></span> <span class='ocrx_word' id='word_1_3' title='bbox 748 357 810 396; x_wconf 77' lang='lat' dir='ltr'><strong>cas.</strong></span> <span class='ocrx_word' id='word_1_4' title='bbox 827 357 876 392; x_wconf 82' lang='lat' dir='ltr'><strong>rar.</strong></span> <span class='ocrx_word' id='word_1_5' title='bbox 1114 337 1171 398; x_wconf 80' lang='lat'><strong>160</strong></span> 
     </span>
    </p>
   </div>
   <div class='ocr_carea' id='block_1_2' title="bbox 209 484 1172 793">
    <p class='ocr_par' dir='ltr' id='par_1_2' title="bbox 209 484 1172 793">
     <span class='ocr_line' id='line_1_2' title="bbox 209 484 1172 563; baseline -0.013 -16"><span class='ocrx_word' id='word_1_6' title='bbox 209 485 288 547; x_wconf 84' lang='lat' dir='ltr'><strong>tinne</strong></span> <span class='ocrx_word' id='word_1_7' title='bbox 301 504 388 563; x_wconf 89' lang='lat' dir='ltr'><strong>quum</strong></span> <span class='ocrx_word' id='word_1_8' title='bbox 402 487 431 544; x_wconf 90' lang='lat' dir='ltr'><strong>in</strong></span> <span class='ocrx_word' id='word_1_9' title='bbox 445 505 535 544; x_wconf 92' lang='lat' dir='ltr'><strong>unum</strong></span> <span class='ocrx_word' id='word_1_10' title='bbox 557 488 767 562; x_wconf 78' lang='lat' dir='ltr'><strong>colligerentur,</strong></span> <span class='ocrx_word' id='word_1_11' title='bbox 793 484 954 560; x_wconf 77' lang='lat' dir='ltr'><strong>priusquam</strong></span> <span class='ocrx_word' id='word_1_12' title='bbox 978 499 1014 537; x_wconf 84' lang='lat' dir='ltr'><strong>ex</strong></span> <span class='ocrx_word' id='word_1_13' title='bbox 1032 489 1110 536; x_wconf 89' lang='lat' dir='ltr'><strong>tauto</strong></span> <span class='ocrx_word' id='word_1_14' title='bbox 1123 497 1172 554; x_wconf 90' lang='lat' dir='ltr'><strong>pa·</strong></span> 
     </span>
     <span class='ocr_line' id='line_1_3' title="bbox 209 557 1170 642; baseline -0.012 -19"><span class='ocrx_word' id='word_1_15' title='bbox 209 585 275 623; x_wconf 86' lang='lat' dir='ltr'><strong>vore</strong></span> <span class='ocrx_word' id='word_1_16' title='bbox 290 565 450 642; x_wconf 81' lang='lat' dir='ltr'>reciperent</span> <span class='ocrx_word' id='word_1_17' title='bbox 463 565 582 631; x_wconf 90' lang='lat' dir='ltr'><strong>animos,</strong></span> <span class='ocrx_word' id='word_1_18' title='bbox 594 557 754 629; x_wconf 79' lang='lat' dir='ltr'>Hannibal,</span> <span class='ocrx_word' id='word_1_19' title='bbox 780 562 894 637; x_wconf 79' lang='lat' dir='ltr'>agmine</span> <span class='ocrx_word' id='word_1_20' title='bbox 907 559 1044 634; x_wconf 88' lang='lat' dir='ltr'><strong>quadrato</strong></span> <span class='ocrx_word' id='word_1_21' title='bbox 1056 574 1170 613; x_wconf 87' lang='lat' dir='ltr'><strong>amnem</strong></span> 
     </span>
     <span class='ocr_line' id='line_1_4' title="bbox 209 635 1171 718; baseline -0.012 -18"><span class='ocrx_word' id='word_1_22' title='bbox 209 643 364 718; x_wconf 85' lang='lat' dir='ltr'><strong>ingressus,</strong></span> <span class='ocrx_word' id='word_1_23' title='bbox 380 642 475 716; x_wconf 88' lang='lat' dir='ltr'><strong>sugam</strong></span> <span class='ocrx_word' id='word_1_24' title='bbox 489 660 525 698; x_wconf 82' lang='lat' dir='ltr'><strong>ex</strong></span> <span class='ocrx_word' id='word_1_25' title='bbox 538 642 598 716; x_wconf 74' lang='lat' dir='ltr'><strong>ripa</strong></span> <span class='ocrx_word' id='word_1_26' title='bbox 612 641 696 698; x_wconf 85' lang='lat' dir='ltr'><strong>fecit:</strong></span> <span class='ocrx_word' id='word_1_27' title='bbox 725 639 895 712; x_wconf 82' lang='lat' dir='ltr'><strong>vastatisque</strong></span> <span class='ocrx_word' id='word_1_28' title='bbox 916 636 1000 712; x_wconf 90' lang='lat' dir='ltr'><strong>agris,</strong></span> <span class='ocrx_word' id='word_1_29' title='bbox 1016 635 1090 691; x_wconf 83' lang='lat' dir='ltr'><strong>intra</strong></span> <span class='ocrx_word' id='word_1_30' title='bbox 1103 651 1171 708; x_wconf 88' lang='lat' dir='ltr'><strong>pau·</strong></span> 
     </span>
     <span class='ocr_line' id='line_1_5' title="bbox 209 711 1171 793; baseline -0.011 -16"><span class='ocrx_word' id='word_1_31' title='bbox 209 739 260 777; x_wconf 90' lang='lat' dir='ltr'><strong>cos</strong></span> <span class='ocrx_word' id='word_1_32' title='bbox 273 720 336 776; x_wconf 87' lang='lat' dir='ltr'><strong>dies</strong></span> <span class='ocrx_word' id='word_1_33' title='bbox 348 719 523 793; x_wconf 74' lang='lat' dir='ltr'><strong>Carpetanos</strong></span> <span class='ocrx_word' id='word_1_34' title='bbox 535 737 646 792; x_wconf 90' lang='lat' dir='ltr'><strong>quoque</strong></span> <span class='ocrx_word' id='word_1_35' title='bbox 668 719 699 774; x_wconf 89' lang='lat' dir='ltr'><strong>iu</strong></span> <span class='ocrx_word' id='word_1_36' title='bbox 714 717 887 789; x_wconf 87' lang='lat' dir='ltr'><strong>deditionem</strong></span> <span class='ocrx_word' id='word_1_37' title='bbox 902 713 1021 787; x_wconf 89' lang='lat' dir='ltr'><strong>accepit.</strong></span> <span class='ocrx_word' id='word_1_38' title='bbox 1063 711 1101 768; x_wconf 87' lang='lat' dir='ltr'><strong>Et</strong></span> <span class='ocrx_word' id='word_1_39' title='bbox 1111 711 1171 786; x_wconf 88' lang='lat' dir='ltr'><strong>jam</strong></span> 
     </span>
    </p>
   </div>
   <div class='ocr_carea' id='block_1_3' title="bbox 188 772 1218 870">
    <p class='ocr_par' dir='ltr' id='par_1_3' title="bbox 188 772 1218 870">
     <span class='ocr_line' id='line_1_6' title="bbox 188 772 1218 870; baseline -0.011 -16"><span class='ocrx_word' id='word_1_40' title='bbox 188 798 306 854; x_wconf 82' lang='lat' dir='ltr'><strong>somnia</strong></span> <span class='ocrx_word' id='word_1_41' title='bbox 319 809 396 853; x_wconf 88' lang='lat' dir='ltr'><strong>trans</strong></span> <span class='ocrx_word' id='word_1_42' title='bbox 417 796 542 862; x_wconf 90' lang='lat' dir='ltr'><strong>Iberum,</strong></span> <span class='ocrx_word' id='word_1_43' title='bbox 567 806 667 870; x_wconf 73' lang='lat' dir='ltr'><strong>praeter</strong></span> <span class='ocrx_word' id='word_1_44' title='bbox 686 793 868 869; x_wconf 87' lang='lat' dir='ltr'><strong>Saguntinos,</strong></span> <span class='ocrx_word' id='word_1_45' title='bbox 890 787 1171 865; x_wconf 81' lang='lat' dir='ltr'><strong>Carthaginiensium</strong></span> <span class='ocrx_word' id='word_1_46' title='bbox 1206 772 1218 833; x_wconf 70' lang='lat' dir='ltr'>s</span> 
     </span>
    </p>
   </div>
   <div class='ocr_carea' id='block_1_4' title="bbox 1172 841 1248 938">
    <p class='ocr_par' dir='ltr' id='par_1_4' title="bbox 1172 841 1248 938">
     <span class='ocr_line' id='line_1_7' title="bbox 1172 841 1248 938; baseline -0.013 1"><span class='ocrx_word' id='word_1_47' title='bbox 1172 841 1248 938; x_wconf 73' lang='lat' dir='ltr'><strong>ss</strong></span> 
     </span>
    </p>
   </div>
   <div class='ocr_carea' id='block_1_5' title="bbox 210 871 746 931">
    <p class='ocr_par' dir='ltr' id='par_1_5' title="bbox 210 871 746 931">
     <span class='ocr_line' id='line_1_8' title="bbox 210 871 746 931; baseline -0.007 -1"><span class='ocrx_word' id='word_1_48' title='bbox 210 871 352 931; x_wconf 56' lang='lat' dir='ltr'><strong>erato*</strong></span> <span class='ocrx_word' id='word_1_49' title='bbox 625 920 629 926; x_wconf 92' lang='lat'><strong>.</strong></span> <span class='ocrx_word' id='word_1_50' title='bbox 743 892 746 898; x_wconf 92' lang='lat'>·</span> 
     </span>
    </p>
   </div>
   <div class='ocr_carea' id='block_1_6' title="bbox 176 1015 1171 1174">
    <p class='ocr_par' dir='ltr' id='par_1_6' title="bbox 176 1015 1171 1174">
     <span class='ocr_line' id='line_1_9' title="bbox 176 1015 1171 1106; baseline -0.01 -19"><span class='ocrx_word' id='word_1_51' title='bbox 176 1045 203 1106; x_wconf 62' lang='lat'><strong>53</strong></span> <span class='ocrx_word' id='word_1_52' title='bbox 250 1029 304 1087; x_wconf 86' lang='lat' dir='ltr'><strong>vl.</strong></span> <span class='ocrx_word' id='word_1_53' title='bbox 325 1015 401 1086; x_wconf 81' lang='lat' dir='ltr'><strong>Cum</strong></span> <span class='ocrx_word' id='word_1_54' title='bbox 415 1027 583 1104; x_wconf 89' lang='lat' dir='ltr'><strong>Saguntinis</strong></span> <span class='ocrx_word' id='word_1_55' title='bbox 597 1027 702 1085; x_wconf 85' lang='lat' dir='ltr'><strong>bellum</strong></span> <span class='ocrx_word' id='word_1_56' title='bbox 716 1025 844 1086; x_wconf 91' lang='lat' dir='ltr'><strong>nondum</strong></span> <span class='ocrx_word' id='word_1_57' title='bbox 857 1034 936 1082; x_wconf 84' lang='lat' dir='ltr'><strong>crat:</strong></span> <span class='ocrx_word' id='word_1_58' title='bbox 968 1021 1171 1098; x_wconf 80' lang='lat' dir='ltr'><strong>craterdmjam</strong></span> 
     </span>
     <span class='ocr_line' id='line_1_10' title="bbox 177 1098 1171 1174; baseline -0.008 -12"><span class='ocrx_word' id='word_1_59' title='bbox 177 1107 277 1163; x_wconf 69' lang='lat' dir='ltr'><strong>suelli</strong></span> <span class='ocrx_word' id='word_1_60' title='bbox 293 1125 395 1173; x_wconf 83' lang='lat' dir='ltr'><strong>causa,</strong></span> <span class='ocrx_word' id='word_1_61' title='bbox 423 1107 579 1163; x_wconf 86' lang='lat' dir='ltr'><strong>certamina</strong></span> <span class='ocrx_word' id='word_1_62' title='bbox 599 1125 665 1164; x_wconf 92' lang='lat' dir='ltr'><strong>cum</strong></span> <span class='ocrx_word' id='word_1_63' title='bbox 694 1105 821 1174; x_wconf 84' lang='lat' dir='ltr'><strong>finitimis</strong></span> <span class='ocrx_word' id='word_1_64' title='bbox 848 1103 1023 1170; x_wconf 86' lang='lat' dir='ltr'><strong>serebantur,</strong></span> <span class='ocrx_word' id='word_1_65' title='bbox 1050 1098 1171 1156; x_wconf 72' lang='lat' dir='ltr'><strong>maxime</strong></span> 
     </span>
    </p>
   </div>
   <div class='ocr_carea' id='block_1_7' title="bbox 183 1171 1228 1258">
    <p class='ocr_par' dir='ltr' id='par_1_7' title="bbox 183 1171 1228 1258">
     <span class='ocr_line' id='line_1_11' title="bbox 183 1171 1228 1258; baseline -0.007 -17"><span class='ocrx_word' id='word_1_66' title='bbox 183 1171 202 1244; x_wconf 53' lang='lat' dir='ltr'><strong>”J</strong></span> <span class='ocrx_word' id='word_1_67' title='bbox 212 1183 402 1240; x_wconf 83' lang='lat' dir='ltr'><strong>Turdetanis:</strong></span> <span class='ocrx_word' id='word_1_68' title='bbox 423 1184 624 1258; x_wconf 85' lang='lat' dir='ltr'><strong>quibusquam</strong></span> <span class='ocrx_word' id='word_1_69' title='bbox 640 1181 752 1239; x_wconf 77' lang='lat' dir='ltr'><strong>adesset</strong></span> <span class='ocrx_word' id='word_1_70' title='bbox 765 1182 850 1250; x_wconf 91' lang='lat' dir='ltr'><strong>idem,</strong></span> <span class='ocrx_word' id='word_1_71' title='bbox 875 1179 923 1254; x_wconf 88' lang='lat' dir='ltr'><strong>qui</strong></span> <span class='ocrx_word' id='word_1_72' title='bbox 943 1179 1000 1235; x_wconf 90' lang='lat' dir='ltr'><strong>litis</strong></span> <span class='ocrx_word' id='word_1_73' title='bbox 1013 1187 1074 1234; x_wconf 89' lang='lat' dir='ltr'><strong>erat</strong></span> <span class='ocrx_word' id='word_1_74' title='bbox 1088 1189 1171 1244; x_wconf 86' lang='lat' dir='ltr'><strong>sator,</strong></span> <span class='ocrx_word' id='word_1_75' title='bbox 1225 1225 1228 1234; x_wconf 78' lang='grc'>,</span> 
     </span>
    </p>
   </div>
   <div class='ocr_carea' id='block_1_8' title="bbox 183 1249 1263 1340">
    <p class='ocr_par' dir='ltr' id='par_1_8' title="bbox 183 1249 1263 1340">
     <span class='ocr_line' id='line_1_12' title="bbox 183 1249 1263 1340; baseline -0.008 -22"><span class='ocrx_word' id='word_1_76' title='bbox 183 1249 197 1338; x_wconf 48' lang='lat'><strong>⁴,</strong></span> <span class='ocrx_word' id='word_1_77' title='bbox 212 1280 266 1318; x_wconf 91' lang='lat' dir='ltr'><strong>uec</strong></span> <span class='ocrx_word' id='word_1_78' title='bbox 280 1272 422 1318; x_wconf 86' lang='lat' dir='ltr'><strong>certamen</strong></span> <span class='ocrx_word' id='word_1_79' title='bbox 435 1261 516 1336; x_wconf 89' lang='lat' dir='ltr'><strong>juris,</strong></span> <span class='ocrx_word' id='word_1_80' title='bbox 530 1259 925 1334; x_wconf 23' lang='lat' dir='ltr'><strong>eadamquaerixappareret,</strong></span> <span class='ocrx_word' id='word_1_81' title='bbox 933 1275 941 1326; x_wconf 92' lang='lat'>;</span> <span class='ocrx_word' id='word_1_82' title='bbox 972 1255 1058 1330; x_wconf 89' lang='lat' dir='ltr'><strong>legati</strong></span> <span class='ocrx_word' id='word_1_83' title='bbox 1083 1274 1099 1310; x_wconf 93' lang='lat' dir='ltr'><strong>a</strong></span> <span class='ocrx_word' id='word_1_84' title='bbox 1122 1255 1173 1310; x_wconf 86' lang='lat' dir='ltr'><strong>Sa·</strong></span> <span class='ocrx_word' id='word_1_85' title='bbox 1207 1253 1263 1340; x_wconf 47' lang='lat' dir='ltr'><strong>&#39;s&#39;</strong></span> 
     </span>
    </p>
   </div>
   <div class='ocr_carea' id='block_1_9' title="bbox 131 1329 1209 2917">
    <p class='ocr_par' dir='ltr' id='par_1_9' title="bbox 177 1329 1171 1413">
     <span class='ocr_line' id='line_1_13' title="bbox 177 1329 1171 1413; baseline -0.008 -18"><span class='ocrx_word' id='word_1_86' title='bbox 177 1338 337 1413; x_wconf 54' lang='lat' dir='ltr'><strong>{gentinis</strong></span> <span class='ocrx_word' id='word_1_87' title='bbox 349 1339 474 1395; x_wconf 83' lang='lat' dir='ltr'><strong>Romam</strong></span> <span class='ocrx_word' id='word_1_88' title='bbox 489 1338 576 1406; x_wconf 91' lang='lat' dir='ltr'><strong>missi,</strong></span> <span class='ocrx_word' id='word_1_89' title='bbox 590 1337 727 1394; x_wconf 87' lang='lat' dir='ltr'><strong>auxilium</strong></span> <span class='ocrx_word' id='word_1_90' title='bbox 749 1329 911 1392; x_wconf 64' lang='lat' dir='ltr'><strong>albatum</strong></span> <span class='ocrx_word' id='word_1_91' title='bbox 923 1334 981 1409; x_wconf 91' lang='lat' dir='ltr'><strong>jam</strong></span> <span class='ocrx_word' id='word_1_92' title='bbox 997 1333 1072 1389; x_wconf 87' lang='lat' dir='ltr'><strong>haud</strong></span> <span class='ocrx_word' id='word_1_93' title='bbox 1086 1331 1171 1388; x_wconf 69' lang='lat' dir='ltr'><strong>dubia*</strong></span> 
     </span>
    </p>

    <p class='ocr_par' dir='ltr' id='par_1_10' title="bbox 183 1409 1173 1472">
     <span class='ocr_line' id='line_1_14' title="bbox 183 1409 1173 1472; baseline -0.007 0"><span class='ocrx_word' id='word_1_94' title='bbox 183 1429 197 1472; x_wconf 71' lang='lat' dir='ltr'><strong>s</strong></span> <span class='ocrx_word' id='word_1_95' title='bbox 211 1416 365 1472; x_wconf 82' lang='lat' dir='ltr'><strong>imminens</strong></span> <span class='ocrx_word' id='word_1_96' title='bbox 378 1427 499 1472; x_wconf 88' lang='lat' dir='ltr'><strong>orantes.</strong></span> <span class='ocrx_word' id='word_1_97' title='bbox 529 1415 669 1472; x_wconf 85' lang='lat' dir='ltr'><strong>Consules</strong></span> <span class='ocrx_word' id='word_1_98' title='bbox 682 1425 751 1470; x_wconf 89' lang='lat' dir='ltr'><strong>tuuc</strong></span> <span class='ocrx_word' id='word_1_99' title='bbox 766 1413 868 1470; x_wconf 80' lang='lat' dir='ltr'><strong>Romae</strong></span> <span class='ocrx_word' id='word_1_100' title='bbox 882 1422 964 1468; x_wconf 87' lang='lat' dir='ltr'><strong>eraut</strong></span> <span class='ocrx_word' id='word_1_101' title='bbox 974 1411 1009 1468; x_wconf 82' lang='lat' dir='ltr'><strong>P.</strong></span> <span class='ocrx_word' id='word_1_102' title='bbox 1021 1409 1173 1468; x_wconf 86' lang='lat' dir='ltr'><strong>Cornelius</strong></span> 
     </span>
    </p>

    <p class='ocr_par' dir='ltr' id='par_1_11' title="bbox 177 1488 1173 1643">
     <span class='ocr_line' id='line_1_15' title="bbox 177 1488 1173 1567; baseline -0.006 -18"><span class='ocrx_word' id='word_1_103' title='bbox 177 1492 309 1567; x_wconf 55' lang='lat' dir='ltr'><strong>§Scipio</strong></span> <span class='ocrx_word' id='word_1_104' title='bbox 322 1504 352 1549; x_wconf 92' lang='lat' dir='ltr'><strong>et</strong></span> <span class='ocrx_word' id='word_1_105' title='bbox 365 1493 416 1549; x_wconf 91' lang='lat' dir='ltr'><strong>Ti.</strong></span> <span class='ocrx_word' id='word_1_106' title='bbox 430 1493 616 1567; x_wconf 87' lang='lat' dir='ltr'><strong>Sempronius</strong></span> <span class='ocrx_word' id='word_1_107' title='bbox 629 1493 747 1566; x_wconf 78' lang='lat' dir='ltr'><strong>longus</strong></span> <span class='ocrx_word' id='word_1_108' title='bbox 759 1509 767 1559; x_wconf 82' lang='lat'><em>3</em></span> <span class='ocrx_word' id='word_1_109' title='bbox 798 1491 845 1564; x_wconf 91' lang='lat' dir='ltr'><strong>qui</strong></span> <span class='ocrx_word' id='word_1_110' title='bbox 859 1507 957 1564; x_wconf 90' lang='lat' dir='ltr'><strong>quum,</strong></span> <span class='ocrx_word' id='word_1_111' title='bbox 972 1488 1073 1564; x_wconf 88' lang='lat' dir='ltr'><strong>legatis</strong></span> <span class='ocrx_word' id='word_1_112' title='bbox 1087 1488 1116 1544; x_wconf 93' lang='lat' dir='ltr'><strong>in</strong></span> <span class='ocrx_word' id='word_1_113' title='bbox 1131 1505 1173 1544; x_wconf 91' lang='lat' dir='ltr'><strong>se·</strong></span> 
     </span>
     <span class='ocr_line' id='line_1_16' title="bbox 210 1566 1172 1643; baseline -0.005 -16"><span class='ocrx_word' id='word_1_114' title='bbox 210 1581 310 1630; x_wconf 90' lang='lat' dir='ltr'><strong>natum</strong></span> <span class='ocrx_word' id='word_1_115' title='bbox 334 1570 511 1637; x_wconf 77' lang='lat' dir='ltr'><strong>introductis,</strong></span> <span class='ocrx_word' id='word_1_116' title='bbox 535 1571 571 1626; x_wconf 90' lang='lat' dir='ltr'><strong>de</strong></span> <span class='ocrx_word' id='word_1_117' title='bbox 595 1569 742 1643; x_wconf 70' lang='lat' dir='ltr'><strong>republica</strong></span> <span class='ocrx_word' id='word_1_118' title='bbox 768 1567 942 1634; x_wconf 89' lang='lat' dir='ltr'><strong>retulissent,</strong></span> <span class='ocrx_word' id='word_1_119' title='bbox 965 1566 1172 1642; x_wconf 82' lang='lat' dir='ltr'><strong>placuissetque</strong></span> 
     </span>
    </p>

    <p class='ocr_par' dir='ltr' id='par_1_12' title="bbox 178 1644 1173 2032">
     <span class='ocr_line' id='line_1_17' title="bbox 178 1644 1172 1722; baseline -0.005 -18"><span class='ocrx_word' id='word_1_120' title='bbox 178 1648 283 1704; x_wconf 90' lang='lat' dir='ltr'><strong>1⁵mitti</strong></span> <span class='ocrx_word' id='word_1_121' title='bbox 304 1645 413 1722; x_wconf 86' lang='lat' dir='ltr'><strong>legatos</strong></span> <span class='ocrx_word' id='word_1_122' title='bbox 433 1647 462 1704; x_wconf 91' lang='lat' dir='ltr'><strong>iu</strong></span> <span class='ocrx_word' id='word_1_123' title='bbox 485 1647 655 1721; x_wconf 88' lang='lat' dir='ltr'><strong>Hispaniam</strong></span> <span class='ocrx_word' id='word_1_124' title='bbox 675 1647 712 1702; x_wconf 90' lang='lat' dir='ltr'><strong>ad</strong></span> <span class='ocrx_word' id='word_1_125' title='bbox 732 1665 778 1703; x_wconf 90' lang='lat' dir='ltr'><strong>res</strong></span> <span class='ocrx_word' id='word_1_126' title='bbox 798 1646 938 1703; x_wconf 87' lang='lat' dir='ltr'><strong>sociorum</strong></span> <span class='ocrx_word' id='word_1_127' title='bbox 960 1644 1172 1720; x_wconf 90' lang='lat' dir='ltr'><strong>inspiciendas;</strong></span> 
     </span>
     <span class='ocr_line' id='line_1_18' title="bbox 196 1723 1172 1799; baseline 0.002 -24"><span class='ocrx_word' id='word_1_128' title='bbox 196 1725 313 1798; x_wconf 84' lang='lat' dir='ltr'><strong>quibus</strong></span> <span class='ocrx_word' id='word_1_129' title='bbox 326 1725 350 1780; x_wconf 91' lang='lat' dir='ltr'><strong>si</strong></span> <span class='ocrx_word' id='word_1_130' title='bbox 365 1725 505 1781; x_wconf 87' lang='lat' dir='ltr'><strong>videretur</strong></span> <span class='ocrx_word' id='word_1_131' title='bbox 518 1725 606 1799; x_wconf 90' lang='lat' dir='ltr'><strong>digna</strong></span> <span class='ocrx_word' id='word_1_132' title='bbox 616 1743 712 1791; x_wconf 90' lang='lat' dir='ltr'><strong>causa,</strong></span> <span class='ocrx_word' id='word_1_133' title='bbox 734 1735 764 1780; x_wconf 89' lang='lat' dir='ltr'><strong>et</strong></span> <span class='ocrx_word' id='word_1_134' title='bbox 788 1723 945 1780; x_wconf 88' lang='lat' dir='ltr'><strong>Hannibali</strong></span> <span class='ocrx_word' id='word_1_135' title='bbox 960 1723 1172 1793; x_wconf 87' lang='lat' dir='ltr'><strong>denuntiarent,</strong></span> 
     </span>
     <span class='ocr_line' id='line_1_19' title="bbox 211 1800 1173 1878; baseline -0.003 -20"><span class='ocrx_word' id='word_1_136' title='bbox 211 1813 242 1860; x_wconf 92' lang='lat' dir='ltr'><strong>ut</strong></span> <span class='ocrx_word' id='word_1_137' title='bbox 256 1802 293 1858; x_wconf 92' lang='lat' dir='ltr'><strong>ab</strong></span> <span class='ocrx_word' id='word_1_138' title='bbox 307 1802 482 1878; x_wconf 82' lang='lat' dir='ltr'><strong>Saguntinis,</strong></span> <span class='ocrx_word' id='word_1_139' title='bbox 497 1803 583 1860; x_wconf 90' lang='lat' dir='ltr'><strong>sociis</strong></span> <span class='ocrx_word' id='word_1_140' title='bbox 595 1802 692 1876; x_wconf 91' lang='lat' dir='ltr'><strong>populi</strong></span> <span class='ocrx_word' id='word_1_141' title='bbox 713 1801 849 1867; x_wconf 88' lang='lat' dir='ltr'><strong>Romani,</strong></span> <span class='ocrx_word' id='word_1_142' title='bbox 872 1801 1035 1878; x_wconf 82' lang='lat' dir='ltr'><strong>abstineret,</strong></span> <span class='ocrx_word' id='word_1_143' title='bbox 1060 1811 1089 1856; x_wconf 91' lang='lat' dir='ltr'><strong>et</strong></span> <span class='ocrx_word' id='word_1_144' title='bbox 1103 1800 1173 1856; x_wconf 87' lang='lat' dir='ltr'><strong>Car·</strong></span> 
     </span>
     <span class='ocr_line' id='line_1_20' title="bbox 209 1878 1173 1955; baseline -0.003 -19"><span class='ocrx_word' id='word_1_145' title='bbox 209 1879 356 1954; x_wconf 81' lang='lat' dir='ltr'><strong>thaginem</strong></span> <span class='ocrx_word' id='word_1_146' title='bbox 370 1879 399 1936; x_wconf 90' lang='lat' dir='ltr'><strong>in</strong></span> <span class='ocrx_word' id='word_1_147' title='bbox 414 1879 541 1936; x_wconf 86' lang='lat' dir='ltr'><strong>Asricem</strong></span> <span class='ocrx_word' id='word_1_148' title='bbox 556 1879 729 1955; x_wconf 78' lang='lat' dir='ltr'><strong>trajicerent,</strong></span> <span class='ocrx_word' id='word_1_149' title='bbox 751 1899 786 1936; x_wconf 88' lang='lat' dir='ltr'><strong>ac</strong></span> <span class='ocrx_word' id='word_1_150' title='bbox 800 1879 941 1936; x_wconf 91' lang='lat' dir='ltr'><strong>sociorum</strong></span> <span class='ocrx_word' id='word_1_151' title='bbox 957 1878 1052 1953; x_wconf 87' lang='lat' dir='ltr'><strong>populi</strong></span> <span class='ocrx_word' id='word_1_152' title='bbox 1067 1878 1173 1934; x_wconf 78' lang='lat' dir='ltr'><strong>Roma·</strong></span> 
     </span>
     <span class='ocr_line' id='line_1_21' title="bbox 209 1955 1172 2032; baseline -0.004 -18"><span class='ocrx_word' id='word_1_153' title='bbox 209 1957 239 2014; x_wconf 89' lang='lat' dir='ltr'><strong>ni</strong></span> <span class='ocrx_word' id='word_1_154' title='bbox 252 1956 443 2031; x_wconf 83' lang='lat' dir='ltr'><strong>querimonias</strong></span> <span class='ocrx_word' id='word_1_155' title='bbox 456 1957 608 2014; x_wconf 80' lang='lat' dir='ltr'><strong>deferrent.</strong></span> <span class='ocrx_word' id='word_1_156' title='bbox 651 1957 715 2014; x_wconf 87' lang='lat' dir='ltr'><strong>Hac</strong></span> <span class='ocrx_word' id='word_1_157' title='bbox 739 1957 882 2032; x_wconf 81' lang='lat' dir='ltr'><strong>legatione</strong></span> <span class='ocrx_word' id='word_1_158' title='bbox 906 1957 1029 2025; x_wconf 72' lang='lat' dir='ltr'><strong>decreti,</strong></span> <span class='ocrx_word' id='word_1_159' title='bbox 1047 1955 1172 2012; x_wconf 90' lang='lat' dir='ltr'><strong>necdum</strong></span> 
     </span>
    </p>

    <p class='ocr_par' dir='ltr' id='par_1_13' title="bbox 131 2033 1208 2421">
     <span class='ocr_line' id='line_1_22' title="bbox 131 2033 1172 2110; baseline 0 -20"><span class='ocrx_word' id='word_1_160' title='bbox 131 2059 134 2066; x_wconf 92' lang='lat'>·</span> <span class='ocrx_word' id='word_1_161' title='bbox 175 2035 304 2106; x_wconf 67' lang='lat' dir='ltr'><strong>emissa,</strong></span> <span class='ocrx_word' id='word_1_162' title='bbox 330 2035 458 2092; x_wconf 92' lang='lat' dir='ltr'><strong>omnium</strong></span> <span class='ocrx_word' id='word_1_163' title='bbox 479 2054 528 2110; x_wconf 89' lang='lat' dir='ltr'><strong>spe</strong></span> <span class='ocrx_word' id='word_1_164' title='bbox 550 2034 670 2092; x_wconf 80' lang='lat' dir='ltr'><strong>celerirls</strong></span> <span class='ocrx_word' id='word_1_165' title='bbox 692 2036 852 2110; x_wconf 85' lang='lat' dir='ltr'><strong>Saguntum</strong></span> <span class='ocrx_word' id='word_1_166' title='bbox 876 2034 1034 2110; x_wconf 83' lang='lat' dir='ltr'><strong>oppugnari</strong></span> <span class='ocrx_word' id='word_1_167' title='bbox 1055 2033 1172 2090; x_wconf 88' lang='lat' dir='ltr'><strong>allatum</strong></span> 
     </span>
     <span class='ocr_line' id='line_1_23' title="bbox 208 2110 1173 2188; baseline -0.001 -20"><span class='ocrx_word' id='word_1_168' title='bbox 208 2123 260 2169; x_wconf 87' lang='lat' dir='ltr'><strong>est.</strong></span> <span class='ocrx_word' id='word_1_169' title='bbox 302 2110 492 2170; x_wconf 60' lang='lat' dir='ltr'><strong>Tune‘relata</strong></span> <span class='ocrx_word' id='word_1_170' title='bbox 505 2131 541 2170; x_wconf 85' lang='lat' dir='ltr'><strong>ex</strong></span> <span class='ocrx_word' id='word_1_171' title='bbox 564 2113 674 2188; x_wconf 89' lang='lat' dir='ltr'><strong>integro</strong></span> <span class='ocrx_word' id='word_1_172' title='bbox 687 2131 732 2170; x_wconf 89' lang='lat' dir='ltr'><strong>res</strong></span> <span class='ocrx_word' id='word_1_173' title='bbox 746 2114 781 2170; x_wconf 90' lang='lat' dir='ltr'><strong>ad</strong></span> <span class='ocrx_word' id='word_1_174' title='bbox 796 2124 935 2170; x_wconf 89' lang='lat' dir='ltr'><strong>senatum.</strong></span> <span class='ocrx_word' id='word_1_175' title='bbox 977 2111 1045 2182; x_wconf 91' lang='lat' dir='ltr'><strong>Alii,</strong></span> <span class='ocrx_word' id='word_1_176' title='bbox 1060 2111 1173 2186; x_wconf 86' lang='lat' dir='ltr'><strong>provin·</strong></span> 
     </span>
     <span class='ocr_line' id='line_1_24' title="bbox 209 2189 1173 2265; baseline 0 -19"><span class='ocrx_word' id='word_1_177' title='bbox 209 2189 269 2246; x_wconf 89' lang='lat' dir='ltr'><strong>cias</strong></span> <span class='ocrx_word' id='word_1_178' title='bbox 282 2190 448 2246; x_wconf 90' lang='lat' dir='ltr'><strong>consulibus</strong></span> <span class='ocrx_word' id='word_1_179' title='bbox 462 2190 629 2264; x_wconf 86' lang='lat' dir='ltr'><strong>Hispaniam</strong></span> <span class='ocrx_word' id='word_1_180' title='bbox 644 2202 727 2265; x_wconf 88' lang='lat' dir='ltr'><strong>atque</strong></span> <span class='ocrx_word' id='word_1_181' title='bbox 742 2191 870 2248; x_wconf 80' lang='lat' dir='ltr'><strong>Africam</strong></span> <span class='ocrx_word' id='word_1_182' title='bbox 885 2192 1083 2261; x_wconf 89' lang='lat' dir='ltr'><strong>decernentes,</strong></span> <span class='ocrx_word' id='word_1_183' title='bbox 1097 2191 1173 2246; x_wconf 73' lang='lat' dir='ltr'><strong>terrai</strong></span> 
     </span>
     <span class='ocr_line' id='line_1_25' title="bbox 208 2267 1208 2342; baseline 0 -18"><span class='ocrx_word' id='word_1_184' title='bbox 208 2267 336 2340; x_wconf 85' lang='lat' dir='ltr'><strong>marique</strong></span> <span class='ocrx_word' id='word_1_185' title='bbox 357 2286 415 2324; x_wconf 92' lang='lat' dir='ltr'><strong>rem</strong></span> <span class='ocrx_word' id='word_1_186' title='bbox 436 2269 593 2342; x_wconf 89' lang='lat' dir='ltr'><strong>gerendam</strong></span> <span class='ocrx_word' id='word_1_187' title='bbox 613 2269 788 2326; x_wconf 89' lang='lat' dir='ltr'><strong>censebant:</strong></span> <span class='ocrx_word' id='word_1_188' title='bbox 820 2269 869 2326; x_wconf 88' lang='lat' dir='ltr'><strong>alii</strong></span> <span class='ocrx_word' id='word_1_189' title='bbox 883 2279 972 2326; x_wconf 91' lang='lat' dir='ltr'><strong>totum</strong></span> <span class='ocrx_word' id='word_1_190' title='bbox 994 2269 1024 2325; x_wconf 89' lang='lat' dir='ltr'><strong>iu</strong></span> <span class='ocrx_word' id='word_1_191' title='bbox 1038 2267 1173 2342; x_wconf 90' lang='lat' dir='ltr'><strong>Hispani·</strong></span> <span class='ocrx_word' id='word_1_192' title='bbox 1203 2311 1208 2317; x_wconf 86' lang='lat'><strong>.</strong></span> 
     </span>
     <span class='ocr_line' id='line_1_26' title="bbox 208 2345 1171 2421; baseline 0.001 -20"><span class='ocrx_word' id='word_1_193' title='bbox 208 2363 254 2401; x_wconf 91' lang='lat' dir='ltr'><strong>am</strong></span> <span class='ocrx_word' id='word_1_194' title='bbox 275 2345 525 2420; x_wconf 85' lang='lat' dir='ltr'><strong>Hannibalemque</strong></span> <span class='ocrx_word' id='word_1_195' title='bbox 547 2346 734 2405; x_wconf 87' lang='lat' dir='ltr'><strong>intendebant</strong></span> <span class='ocrx_word' id='word_1_196' title='bbox 754 2347 869 2404; x_wconf 90' lang='lat' dir='ltr'><strong>bellum.</strong></span> <span class='ocrx_word' id='word_1_197' title='bbox 924 2347 1024 2414; x_wconf 87' lang='lat' dir='ltr'><strong>Erant,</strong></span> <span class='ocrx_word' id='word_1_198' title='bbox 1044 2345 1092 2421; x_wconf 91' lang='lat' dir='ltr'><strong>qui</strong></span> <span class='ocrx_word' id='word_1_199' title='bbox 1113 2364 1171 2403; x_wconf 89' lang='lat' dir='ltr'><strong>uon</strong></span> 
     </span>
    </p>

    <p class='ocr_par' dir='ltr' id='par_1_14' title="bbox 173 2424 1209 2825">
     <span class='ocr_line' id='line_1_27' title="bbox 173 2424 1173 2502; baseline 0.001 -23"><span class='ocrx_word' id='word_1_200' title='bbox 173 2425 316 2480; x_wconf 54' lang='lat' dir='ltr'><strong>&amp;temere</strong></span> <span class='ocrx_word' id='word_1_201' title='bbox 340 2424 508 2480; x_wconf 88' lang='lat' dir='ltr'><strong>movendam</strong></span> <span class='ocrx_word' id='word_1_202' title='bbox 529 2435 720 2498; x_wconf 81' lang='lat' dir='ltr'><strong>renitentem,</strong></span> <span class='ocrx_word' id='word_1_203' title='bbox 741 2425 1003 2502; x_wconf 81' lang='lat' dir='ltr'><strong>exspectandosque</strong></span> <span class='ocrx_word' id='word_1_204' title='bbox 1019 2443 1055 2481; x_wconf 85' lang='lat' dir='ltr'><strong>ex</strong></span> <span class='ocrx_word' id='word_1_205' title='bbox 1069 2424 1173 2498; x_wconf 90' lang='lat' dir='ltr'><strong>Hispa·</strong></span> 
     </span>
     <span class='ocr_line' id='line_1_28' title="bbox 208 2500 1172 2578; baseline 0.002 -22"><span class='ocrx_word' id='word_1_206' title='bbox 208 2500 255 2556; x_wconf 76' lang='lat' dir='ltr'><strong>nit</strong></span> <span class='ocrx_word' id='word_1_207' title='bbox 269 2501 378 2576; x_wconf 90' lang='lat' dir='ltr'><strong>legatos</strong></span> <span class='ocrx_word' id='word_1_208' title='bbox 392 2513 553 2560; x_wconf 86' lang='lat' dir='ltr'><strong>censerent.</strong></span> <span class='ocrx_word' id='word_1_209' title='bbox 595 2503 668 2560; x_wconf 76' lang='lat' dir='ltr'><strong>Haec</strong></span> <span class='ocrx_word' id='word_1_210' title='bbox 689 2504 841 2570; x_wconf 84' lang='lat' dir='ltr'><strong>sententia,</strong></span> <span class='ocrx_word' id='word_1_211' title='bbox 863 2522 926 2578; x_wconf 78' lang='lat' dir='ltr'><strong>quae</strong></span> <span class='ocrx_word' id='word_1_212' title='bbox 941 2503 1079 2560; x_wconf 85' lang='lat' dir='ltr'><strong>tutissima</strong></span> <span class='ocrx_word' id='word_1_213' title='bbox 1095 2503 1172 2558; x_wconf 88' lang='lat' dir='ltr'><strong>vide·</strong></span> 
     </span>
     <span class='ocr_line' id='line_1_29' title="bbox 208 2577 1171 2654; baseline 0.003 -21"><span class='ocrx_word' id='word_1_214' title='bbox 208 2577 300 2645; x_wconf 90' lang='lat' dir='ltr'><strong>batur,</strong></span> <span class='ocrx_word' id='word_1_215' title='bbox 315 2579 399 2636; x_wconf 84' lang='lat' dir='ltr'><strong>vicit:</strong></span> <span class='ocrx_word' id='word_1_216' title='bbox 420 2579 562 2654; x_wconf 88' lang='lat' dir='ltr'><strong>legatique</strong></span> <span class='ocrx_word' id='word_1_217' title='bbox 575 2579 611 2636; x_wconf 78' lang='lat' dir='ltr'><strong>eb</strong></span> <span class='ocrx_word' id='word_1_218' title='bbox 625 2581 763 2638; x_wconf 81' lang='lat' dir='ltr'><strong>maturius</strong></span> <span class='ocrx_word' id='word_1_219' title='bbox 781 2582 869 2653; x_wconf 83' lang='lat' dir='ltr'><strong>missi,</strong></span> <span class='ocrx_word' id='word_1_220' title='bbox 894 2581 925 2637; x_wconf 90' lang='lat' dir='ltr'><strong>P.</strong></span> <span class='ocrx_word' id='word_1_221' title='bbox 941 2581 1073 2637; x_wconf 86' lang='lat' dir='ltr'><strong>Valerius</strong></span> <span class='ocrx_word' id='word_1_222' title='bbox 1088 2580 1171 2636; x_wconf 88' lang='lat' dir='ltr'><strong>Flac·</strong></span> 
     </span>
     <span class='ocr_line' id='line_1_30' title="bbox 208 2656 1170 2734; baseline 0.002 -22"><span class='ocrx_word' id='word_1_223' title='bbox 208 2667 303 2734; x_wconf 85' lang='lat' dir='ltr'><strong>cusat</strong></span> <span class='ocrx_word' id='word_1_224' title='bbox 326 2656 366 2718; x_wconf 77' lang='lat' dir='ltr'><strong>Q·</strong></span> <span class='ocrx_word' id='word_1_225' title='bbox 381 2656 495 2714; x_wconf 72' lang='lat' dir='ltr'><strong>Baebius</strong></span> <span class='ocrx_word' id='word_1_226' title='bbox 517 2657 699 2732; x_wconf 86' lang='lat' dir='ltr'><strong>Tamphilus,</strong></span> <span class='ocrx_word' id='word_1_227' title='bbox 723 2660 883 2733; x_wconf 85' lang='lat' dir='ltr'><strong>Saguntum</strong></span> <span class='ocrx_word' id='word_1_228' title='bbox 908 2659 944 2715; x_wconf 93' lang='lat' dir='ltr'><strong>ad</strong></span> <span class='ocrx_word' id='word_1_229' title='bbox 966 2657 1170 2729; x_wconf 86' lang='lat' dir='ltr'><strong>Hannibalem,</strong></span> 
     </span>
     <span class='ocr_line' id='line_1_31' title="bbox 208 2733 1209 2825; baseline 0.003 -36"><span class='ocrx_word' id='word_1_230' title='bbox 208 2744 292 2808; x_wconf 90' lang='lat' dir='ltr'><strong>atque</strong></span> <span class='ocrx_word' id='word_1_231' title='bbox 307 2733 373 2790; x_wconf 90' lang='lat' dir='ltr'><strong>inde</strong></span> <span class='ocrx_word' id='word_1_232' title='bbox 387 2734 603 2810; x_wconf 84' lang='lat' dir='ltr'><strong>Carthaginem,</strong></span> <span class='ocrx_word' id='word_1_233' title='bbox 616 2737 641 2793; x_wconf 94' lang='lat' dir='ltr'><strong>si</strong></span> <span class='ocrx_word' id='word_1_234' title='bbox 655 2756 713 2794; x_wconf 91' lang='lat' dir='ltr'><strong>uon</strong></span> <span class='ocrx_word' id='word_1_235' title='bbox 727 2737 909 2793; x_wconf 86' lang='lat' dir='ltr'><strong>absisteretur</strong></span> <span class='ocrx_word' id='word_1_236' title='bbox 918 2735 1001 2807; x_wconf 88' lang='lat' dir='ltr'><strong>bello,</strong></span> <span class='ocrx_word' id='word_1_237' title='bbox 1015 2735 1051 2792; x_wconf 90' lang='lat' dir='ltr'><strong>ad</strong></span> <span class='ocrx_word' id='word_1_238' title='bbox 1066 2734 1178 2792; x_wconf 79' lang='lat' dir='ltr'><strong>ducem¹</strong></span> <span class='ocrx_word' id='word_1_239' title='bbox 1194 2751 1209 2825; x_wconf 84' lang='lat'><em>(</em></span> 
     </span>
    </p>

    <p class='ocr_par' dir='ltr' id='par_1_15' title="bbox 173 2811 1200 2917">
     <span class='ocr_line' id='line_1_32' title="bbox 173 2811 1200 2917; baseline 0.003 -49"><span class='ocrx_word' id='word_1_240' title='bbox 173 2811 300 2886; x_wconf 76' lang='lat' dir='ltr'><strong>³⁰ipaum</strong></span> <span class='ocrx_word' id='word_1_241' title='bbox 315 2811 345 2868; x_wconf 90' lang='lat' dir='ltr'><strong>iu</strong></span> <span class='ocrx_word' id='word_1_242' title='bbox 360 2831 473 2887; x_wconf 87' lang='lat' dir='ltr'><strong>poenam</strong></span> <span class='ocrx_word' id='word_1_243' title='bbox 489 2813 603 2870; x_wconf 75' lang='lat' dir='ltr'><strong>laederis</strong></span> <span class='ocrx_word' id='word_1_244' title='bbox 617 2815 691 2889; x_wconf 90' lang='lat' dir='ltr'><strong>rupti</strong></span> <span class='ocrx_word' id='word_1_245' title='bbox 705 2815 927 2890; x_wconf 89' lang='lat' dir='ltr'><strong>deposcendum.</strong></span> <span class='ocrx_word' id='word_1_246' title='bbox 942 2825 957 2852; x_wconf 85' lang='lat'><em>⁰</em></span> <span class='ocrx_word' id='word_1_247' title='bbox 1171 2829 1200 2917; x_wconf 72' lang='lat' dir='ltr'><em>s</em></span> 
     </span>
    </p>
   </div>
   <div class='ocr_carea' id='block_1_10' title="bbox 171 2939 1201 3750">
    <p class='ocr_par' dir='ltr' id='par_1_16' title="bbox 171 2939 1201 3750">
     <span class='ocr_line' id='line_1_33' title="bbox 248 2939 1171 3048; baseline 0.001 -24"><span class='ocrx_word' id='word_1_248' title='bbox 248 2939 422 3026; x_wconf 51' lang='lat' dir='ltr'><strong>vllfuum</strong></span> <span class='ocrx_word' id='word_1_249' title='bbox 436 2989 471 3028; x_wconf 86' lang='lat' dir='ltr'><strong>aa</strong></span> <span class='ocrx_word' id='word_1_250' title='bbox 484 2969 609 3029; x_wconf 83' lang='lat' dir='ltr'><strong>Romani</strong></span> <span class='ocrx_word' id='word_1_251' title='bbox 630 2983 731 3047; x_wconf 91' lang='lat' dir='ltr'><strong>parant</strong></span> <span class='ocrx_word' id='word_1_252' title='bbox 744 2972 969 3048; x_wconf 82' lang='lat' dir='ltr'><strong>consultumque,</strong></span> <span class='ocrx_word' id='word_1_253' title='bbox 986 2971 1044 3047; x_wconf 89' lang='lat' dir='ltr'><strong>jam</strong></span> <span class='ocrx_word' id='word_1_254' title='bbox 1061 2970 1171 3046; x_wconf 88' lang='lat' dir='ltr'><strong>Sagun·</strong></span> 
     </span>
     <span class='ocr_line' id='line_1_34' title="bbox 207 3047 1170 3125; baseline 0.002 -23"><span class='ocrx_word' id='word_1_255' title='bbox 207 3056 267 3106; x_wconf 89' lang='lat' dir='ltr'><strong>tum</strong></span> <span class='ocrx_word' id='word_1_256' title='bbox 282 3049 393 3105; x_wconf 67' lang='lat' dir='ltr'><strong>summit</strong></span> <span class='ocrx_word' id='word_1_257' title='bbox 407 3047 434 3104; x_wconf 91' lang='lat' dir='ltr'><strong>vi</strong></span> <span class='ocrx_word' id='word_1_258' title='bbox 447 3050 673 3124; x_wconf 89' lang='lat' dir='ltr'><strong>oppugnabatur.</strong></span> <span class='ocrx_word' id='word_1_259' title='bbox 714 3051 823 3108; x_wconf 88' lang='lat' dir='ltr'><strong>Civitas</strong></span> <span class='ocrx_word' id='word_1_260' title='bbox 838 3069 873 3107; x_wconf 90' lang='lat' dir='ltr'><strong>ea</strong></span> <span class='ocrx_word' id='word_1_261' title='bbox 893 3049 977 3125; x_wconf 74' lang='lat' dir='ltr'><strong>longe</strong></span> <span class='ocrx_word' id='word_1_262' title='bbox 991 3048 1170 3124; x_wconf 88' lang='lat' dir='ltr'><strong>opulentissi-</strong></span> 
     </span>
     <span class='ocr_line' id='line_1_35' title="bbox 209 3123 1171 3203; baseline 0.002 -23"><span class='ocrx_word' id='word_1_263' title='bbox 209 3140 254 3180; x_wconf 90' lang='lat' dir='ltr'><strong>ma</strong></span> <span class='ocrx_word' id='word_1_264' title='bbox 268 3123 341 3181; x_wconf 86' lang='lat' dir='ltr'><strong>ultra</strong></span> <span class='ocrx_word' id='word_1_265' title='bbox 355 3124 471 3182; x_wconf 88' lang='lat' dir='ltr'><strong>Iberum</strong></span> <span class='ocrx_word' id='word_1_266' title='bbox 486 3125 548 3194; x_wconf 86' lang='lat' dir='ltr'><strong>fuit,</strong></span> <span class='ocrx_word' id='word_1_267' title='bbox 570 3127 623 3184; x_wconf 88' lang='lat' dir='ltr'><strong>sita</strong></span> <span class='ocrx_word' id='word_1_268' title='bbox 636 3147 736 3203; x_wconf 90' lang='lat' dir='ltr'><strong>passus</strong></span> <span class='ocrx_word' id='word_1_269' title='bbox 760 3127 836 3185; x_wconf 90' lang='lat' dir='ltr'><strong>mille</strong></span> <span class='ocrx_word' id='word_1_270' title='bbox 852 3128 939 3184; x_wconf 81' lang='lat' dir='ltr'><strong>ferme</strong></span> <span class='ocrx_word' id='word_1_271' title='bbox 954 3146 970 3184; x_wconf 96' lang='lat' dir='ltr'><strong>a</strong></span> <span class='ocrx_word' id='word_1_272' title='bbox 984 3127 1063 3185; x_wconf 91' lang='lat' dir='ltr'><strong>mari.</strong></span> <span class='ocrx_word' id='word_1_273' title='bbox 1104 3125 1171 3182; x_wconf 89' lang='lat' dir='ltr'><strong>Ori-</strong></span> 
     </span>
     <span class='ocr_line' id='line_1_36' title="bbox 207 3201 1170 3280; baseline 0.004 -24"><span class='ocrx_word' id='word_1_274' title='bbox 207 3202 278 3258; x_wconf 90' lang='lat' dir='ltr'><strong>undi</strong></span> <span class='ocrx_word' id='word_1_275' title='bbox 292 3221 309 3258; x_wconf 92' lang='lat' dir='ltr'><strong>a</strong></span> <span class='ocrx_word' id='word_1_276' title='bbox 323 3201 476 3276; x_wconf 87' lang='lat' dir='ltr'><strong>Zacyntho</strong></span> <span class='ocrx_word' id='word_1_277' title='bbox 490 3204 582 3260; x_wconf 66' lang='lat' dir='ltr'><strong>insula</strong></span> <span class='ocrx_word' id='word_1_278' title='bbox 593 3206 737 3272; x_wconf 88' lang='lat' dir='ltr'><strong>dicuutur,</strong></span> <span class='ocrx_word' id='word_1_279' title='bbox 762 3205 898 3280; x_wconf 86' lang='lat' dir='ltr'><strong>mixtique</strong></span> <span class='ocrx_word' id='word_1_280' title='bbox 921 3205 1007 3262; x_wconf 85' lang='lat' dir='ltr'><strong>etiam</strong></span> <span class='ocrx_word' id='word_1_281' title='bbox 1021 3205 1058 3262; x_wconf 89' lang='lat' dir='ltr'><strong>ab</strong></span> <span class='ocrx_word' id='word_1_282' title='bbox 1072 3205 1170 3261; x_wconf 67' lang='lat' dir='ltr'><strong>Ardea</strong></span> 
     </span>
     <span class='ocr_line' id='line_1_37' title="bbox 172 3279 1170 3356; baseline 0.002 -21"><span class='ocrx_word' id='word_1_283' title='bbox 172 3279 381 3336; x_wconf 48' lang='lat' dir='ltr'><strong>&amp;Rutulorum</strong></span> <span class='ocrx_word' id='word_1_284' title='bbox 395 3281 509 3355; x_wconf 90' lang='lat' dir='ltr'><strong>quidam</strong></span> <span class='ocrx_word' id='word_1_285' title='bbox 528 3283 658 3356; x_wconf 86' lang='lat' dir='ltr'><strong>generis:</strong></span> <span class='ocrx_word' id='word_1_286' title='bbox 686 3283 824 3340; x_wconf 82' lang='lat' dir='ltr'><strong>caeterbm</strong></span> <span class='ocrx_word' id='word_1_287' title='bbox 845 3284 875 3340; x_wconf 93' lang='lat' dir='ltr'><strong>in</strong></span> <span class='ocrx_word' id='word_1_288' title='bbox 896 3294 990 3340; x_wconf 87' lang='lat' dir='ltr'><strong>tantas</strong></span> <span class='ocrx_word' id='word_1_289' title='bbox 1011 3283 1088 3339; x_wconf 86' lang='lat' dir='ltr'><strong>brevi</strong></span> <span class='ocrx_word' id='word_1_290' title='bbox 1109 3300 1170 3338; x_wconf 90' lang='lat' dir='ltr'><strong>cre·</strong></span> 
     </span>
     <span class='ocr_line' id='line_1_38' title="bbox 208 3360 1170 3434; baseline 0.003 -22"><span class='ocrx_word' id='word_1_291' title='bbox 208 3368 307 3414; x_wconf 84' lang='lat' dir='ltr'><strong>verant</strong></span> <span class='ocrx_word' id='word_1_292' title='bbox 326 3377 405 3434; x_wconf 87' lang='lat' dir='ltr'><strong>opes,</strong></span> <span class='ocrx_word' id='word_1_293' title='bbox 426 3378 477 3416; x_wconf 88' lang='lat' dir='ltr'><strong>seu</strong></span> <span class='ocrx_word' id='word_1_294' title='bbox 502 3360 660 3427; x_wconf 90' lang='lat' dir='ltr'><strong>maritimis,</strong></span> <span class='ocrx_word' id='word_1_295' title='bbox 684 3380 734 3418; x_wconf 89' lang='lat' dir='ltr'><strong>seu</strong></span> <span class='ocrx_word' id='word_1_296' title='bbox 755 3361 934 3419; x_wconf 89' lang='lat' dir='ltr'><strong>terrestribus</strong></span> <span class='ocrx_word' id='word_1_297' title='bbox 955 3361 1104 3426; x_wconf 83' lang='lat' dir='ltr'><strong>fructibus,</strong></span> <span class='ocrx_word' id='word_1_298' title='bbox 1119 3377 1170 3416; x_wconf 90' lang='lat' dir='ltr'><strong>seu</strong></span> 
     </span>
     <span class='ocr_line' id='line_1_39' title="bbox 207 3435 1201 3515; baseline 0.002 -23"><span class='ocrx_word' id='word_1_299' title='bbox 207 3435 398 3493; x_wconf 89' lang='lat' dir='ltr'><strong>multitudinis</strong></span> <span class='ocrx_word' id='word_1_300' title='bbox 412 3436 598 3504; x_wconf 86' lang='lat' dir='ltr'><strong>incremento,</strong></span> <span class='ocrx_word' id='word_1_301' title='bbox 613 3456 664 3494; x_wconf 90' lang='lat' dir='ltr'><strong>seu</strong></span> <span class='ocrx_word' id='word_1_302' title='bbox 677 3440 827 3496; x_wconf 89' lang='lat' dir='ltr'><strong>sanctitate</strong></span> <span class='ocrx_word' id='word_1_303' title='bbox 838 3440 1003 3515; x_wconf 75' lang='lat' dir='ltr'><strong>disciplina,</strong></span> <span class='ocrx_word' id='word_1_304' title='bbox 1018 3441 1073 3514; x_wconf 73' lang='lat' dir='ltr'><strong>quel</strong></span> <span class='ocrx_word' id='word_1_305' title='bbox 1084 3437 1170 3494; x_wconf 89' lang='lat' dir='ltr'><strong>fidem</strong></span> <span class='ocrx_word' id='word_1_306' title='bbox 1197 3496 1201 3505; x_wconf 67' lang='grc'>,</span> 
     </span>
     <span class='ocr_line' id='line_1_40' title="bbox 207 3506 1197 3590; baseline 0.002 -20"><span class='ocrx_word' id='word_1_307' title='bbox 207 3513 342 3572; x_wconf 87' lang='lat' dir='ltr'><strong>socialem</strong></span> <span class='ocrx_word' id='word_1_308' title='bbox 364 3516 509 3590; x_wconf 88' lang='lat' dir='ltr'><strong>usquead</strong></span> <span class='ocrx_word' id='word_1_309' title='bbox 529 3517 686 3590; x_wconf 89' lang='lat' dir='ltr'><strong>perniciem</strong></span> <span class='ocrx_word' id='word_1_310' title='bbox 709 3537 789 3574; x_wconf 90' lang='lat' dir='ltr'><strong>suam</strong></span> <span class='ocrx_word' id='word_1_311' title='bbox 811 3518 969 3576; x_wconf 89' lang='lat' dir='ltr'><strong>coluerunt.</strong></span> <span class='ocrx_word' id='word_1_312' title='bbox 1012 3515 1169 3582; x_wconf 91' lang='lat' dir='ltr'><strong>Hannibal,</strong></span> <span class='ocrx_word' id='word_1_313' title='bbox 1177 3506 1197 3557; x_wconf 76' lang='lat'><strong>.‘</strong></span> 
     </span>
     <span class='ocr_line' id='line_1_41' title="bbox 208 3590 1171 3670; baseline 0.002 -24"><span class='ocrx_word' id='word_1_314' title='bbox 208 3590 311 3650; x_wconf 81' lang='lat' dir='ltr'><strong>infesto</strong></span> <span class='ocrx_word' id='word_1_315' title='bbox 322 3593 452 3650; x_wconf 85' lang='lat' dir='ltr'><strong>exercitu</strong></span> <span class='ocrx_word' id='word_1_316' title='bbox 465 3593 610 3669; x_wconf 88' lang='lat' dir='ltr'><strong>ingressus</strong></span> <span class='ocrx_word' id='word_1_317' title='bbox 623 3593 704 3662; x_wconf 88' lang='lat' dir='ltr'><strong>fines,</strong></span> <span class='ocrx_word' id='word_1_318' title='bbox 729 3597 893 3670; x_wconf 85' lang='lat' dir='ltr'><strong>pervastatis</strong></span> <span class='ocrx_word' id='word_1_319' title='bbox 907 3595 1010 3670; x_wconf 89' lang='lat' dir='ltr'><strong>passim</strong></span> <span class='ocrx_word' id='word_1_320' title='bbox 1026 3595 1111 3670; x_wconf 89' lang='lat' dir='ltr'><strong>agris,</strong></span> <span class='ocrx_word' id='word_1_321' title='bbox 1126 3611 1171 3649; x_wconf 91' lang='lat' dir='ltr'><strong>ur·</strong></span> 
     </span>
     <span class='ocr_line' id='line_1_42' title="bbox 171 3668 1169 3750; baseline 0.002 -26"><span class='ocrx_word' id='word_1_322' title='bbox 171 3668 274 3726; x_wconf 83' lang='lat' dir='ltr'><strong>obem</strong></span> <span class='ocrx_word' id='word_1_323' title='bbox 288 3670 424 3745; x_wconf 72' lang='lat' dir='ltr'><strong>tripartite</strong></span> <span class='ocrx_word' id='word_1_324' title='bbox 438 3672 608 3747; x_wconf 86' lang='lat' dir='ltr'><strong>aggreditur.</strong></span> <span class='ocrx_word' id='word_1_325' title='bbox 650 3675 783 3750; x_wconf 87' lang='lat' dir='ltr'><strong>Angulus</strong></span> <span class='ocrx_word' id='word_1_326' title='bbox 797 3675 869 3730; x_wconf 90' lang='lat' dir='ltr'><strong>muri</strong></span> <span class='ocrx_word' id='word_1_327' title='bbox 890 3685 950 3730; x_wconf 90' lang='lat' dir='ltr'><strong>erat</strong></span> <span class='ocrx_word' id='word_1_328' title='bbox 971 3673 999 3729; x_wconf 92' lang='lat' dir='ltr'><strong>in</strong></span> <span class='ocrx_word' id='word_1_329' title='bbox 1014 3671 1169 3746; x_wconf 85' lang='lat' dir='ltr'><strong>planiorem</strong></span> 
     </span>
    </p>
   </div>
   <div class='ocr_carea' id='block_1_11' title="bbox 207 3748 1159 3883">
    <p class='ocr_par' dir='ltr' id='par_1_17' title="bbox 207 3748 1159 3883">
     <span class='ocr_line' id='line_1_43' title="bbox 207 3748 1159 3883; baseline 0.001 -78"><span class='ocrx_word' id='word_1_330' title='bbox 207 3748 459 3823; x_wconf 86' lang='lat' dir='ltr'><strong>patentioremque,</strong></span> <span class='ocrx_word' id='word_1_331' title='bbox 468 3751 557 3883; x_wconf 53' lang='lat' dir='ltr'><strong>l(prim</strong></span> <span class='ocrx_word' id='word_1_332' title='bbox 572 3762 676 3808; x_wconf 80' lang='lat' dir='ltr'><strong>cetera</strong></span> <span class='ocrx_word' id='word_1_333' title='bbox 689 3751 776 3823; x_wconf 75' lang='lat' dir='ltr'><strong>circi,</strong></span> <span class='ocrx_word' id='word_1_334' title='bbox 791 3751 891 3808; x_wconf 87' lang='lat' dir='ltr'><strong>vallem</strong></span> <span class='ocrx_word' id='word_1_335' title='bbox 906 3769 1044 3826; x_wconf 83' lang='lat' dir='ltr'><strong>vergens:</strong></span> <span class='ocrx_word' id='word_1_336' title='bbox 1073 3748 1159 3806; x_wconf 88' lang='lat' dir='ltr'><strong>adver</strong></span> 
     </span>
    </p>
   </div>
   <div class='ocr_carea' id='block_1_12' title="bbox 0 0 1322 4228">
    <p class='ocr_par' dir='ltr' id='par_1_18' title="bbox 0 0 1322 4228">
     <span class='ocr_line' id='line_1_44' title="bbox 0 0 1322 4228; baseline 0 0"><span class='ocrx_word' id='word_1_337' title='bbox 0 0 1322 4228; x_wconf 95' lang='lat' dir='ltr'><strong> </strong></span> 
     </span>
    </p>
   </div>
  </div>
 </body>
</html>
