2620 4220
169 381 230 442 272
575 365 746 419 rrrrarvrr

171 530 190 558 “
198 519 290 580 cultos
304 515 352 581 ait,
367 523 451 588 atque
464 530 564 575 eorum
577 509 684 567 liducid
698 509 727 566 in
742 527 821 584 spem
842 507 923 584 regni
938 527 983 564 me
996 507 1110 568 venisse
1124 509 1136 565 l

170 607 264 656 “nam
279 595 302 652 si
316 604 345 650 at
359 593 389 649 in
403 590 545 649 Romanis
558 599 669 646 tantum
684 587 819 644 momenti
839 605 901 643 esse
916 587 1077 658 credebam,
1093 597 1136 653 ut,

170 683 187 706 '⁴
197 692 282 750 quem
298 670 412 736 vellent,
427 669 606 743 imponerent
631 663 810 721 Macedoniae
825 683 932 740 regem,
946 676 975 720 et
989 683 1059 720 meaa
1073 676 1138 720 tan-

170 759 258 810 “tum
287 749 363 824 apud
391 765 440 803 eos
466 745 563 820 gratie
584 742 774 813 confidebam,
805 743 872 817 quid
893 761 963 816 opus
983 741 1138 816 parricidio

170 835 187 860 “
200 829 276 886 luitl
320 830 378 892 An,
393 836 426 882 ut
437 833 589 880 cruentum
603 820 727 876 fraterna
741 820 821 876 caede
835 819 967 876 diadema
981 839 1111 894 gererem
1124 821 1136 876 l
1160 837 1175 876 a

170 916 189 941 ‘¹
199 918 231 964 nt
245 906 300 963 illis
315 904 391 978 ipsis,
413 902 488 976 apud
506 919 577 974 quos
591 909 639 956 aut
661 898 727 954 veria
745 901 884 954 autcortd
898 898 1029 954 simulata
1043 898 1138 972 probi·

171 993 256 1042 “tate
271 993 379 1058 partam
393 979 512 1055 gratiam
528 977 627 1044 habeo,
642 975 760 1049 siquam
776 975 846 1032 lorte
861 977 962 1046 habeo,
976 976 1138 1032 exsecrabi-
1163 997 1167 1004 ⁴

171 1069 190 1098 ‘⁸
201 1062 236 1118 lis
249 1071 278 1117 et
292 1060 399 1116 invisos
411 1057 524 1114 esseml
555 1054 610 1111 nisi
632 1053 670 1110 Τ.
684 1052 839 1114 Quintium
861 1054 965 1119 credis,
987 1055 1070 1129 cujus
1084 1054 1139 1110 rir-

172 1144 262 1196 “tute
275 1149 305 1193 et
328 1134 454 1193 consiliis
476 1152 521 1190 me
545 1151 624 1190 nuno
638 1132 734 1206 arguis
755 1131 828 1206 regi,
848 1149 934 1205 quum
956 1143 985 1188 et
1006 1131 1066 1205 ipse
1087 1132 1137 1188 tali

171 1219 189 1248 ‘⁸
200 1216 305 1290 pietate
319 1214 394 1269 vivat
405 1231 471 1269 curn
487 1211 582 1280 sratre,
598 1209 666 1266 milri
693 1207 824 1266 fraterne
839 1210 926 1265 credis
941 1209 1027 1264 luisse
1042 1221 1139 1285 aucto·
1150 1227 1174 1264 ro

172 1297 271 1350 “rem
306 1291 387 1348 Idem
402 1309 458 1346 non
474 1290 669 1346 Romanorum
684 1286 779 1345 solum
794 1285 924 1360 gratiam,
939 1287 989 1342 sed
1006 1287 1140 1342 Macedo-

172 1374 189 1400 '⁸
200 1390 270 1428 num
282 1368 402 1445 judicia,
416 1385 450 1423 ac
463 1385 545 1441 paene
557 1365 685 1422 omniurn
710 1363 838 1421 Deorum
853 1364 1056 1437 hominumque
1070 1384 1140 1421 con·

171 1449 315 1506 “sensnm
329 1445 452 1520 collegit,
467 1462 517 1518 per
530 1461 593 1517 quae
617 1441 714 1498 omnia
737 1459 768 1498 se
793 1441 862 1498 milri
882 1460 979 1516 parem
1005 1442 1034 1498 in
1048 1454 1140 1498 certa·

172 1526 281 1582 “mine
305 1543 362 1580 non
387 1523 512 1578 loturum
539 1519 711 1576 crediderit:
747 1518 833 1584 idem,
860 1523 1003 1593 tamquam
1026 1520 1055 1576 in
1077 1520 1140 1576 aliis

172 1614 190 1639 ⁸¹
200 1601 334 1660 omnibus
347 1601 433 1656 rebus
457 1597 572 1654 inferior
593 1616 696 1666 essem,
718 1597 754 1652 ad
778 1597 895 1654 sceleris
916 1616 995 1672 spem
1011 1597 1139 1654 ultimam
1152 1615 1176 1654 ra

174 1679 366 1754 “confugisse
381 1695 427 1733 me
441 1675 595 1732 insimulat.
637 1674 690 1730 Vis
704 1675 779 1730 hanc
794 1673 944 1732 formulam
967 1676 1140 1750 cognitionis

172 1767 190 1792 “
201 1775 274 1827 csse,
288 1767 329 1826 ut,
344 1766 406 1812 uter
420 1753 556 1818 timuerit,
571 1771 608 1808 ne
623 1752 692 1808 alter
706 1751 819 1826 dignior
844 1752 985 1808 videretur
1001 1772 1100 1828 regno,
1116 1753 1141 1809 is

173 1843 190 1869 ‘⁸
202 1833 353 1904 consilium
367 1830 545 1908 opprimendi
560 1829 654 1886 fratris
667 1829 777 1904 cepisse
788 1829 954 1905 judicaturi

213 1989 302 2048 XIII.
324 1994 343 2026 “
354 1989 551 2062 Exsequamur
565 1997 660 2042 tamen
674 2005 854 2060 quocumque
869 1986 955 2044 modo
967 1987 1083 2044 conficti
1097 2007 1142 2044 or·
1167 1981 1174 1988 ”

174 2067 302 2124 “dinem
324 2066 462 2124 criminis.
512 2064 644 2120 Pluribus
669 2063 759 2120 medis
780 2084 811 2120 se
832 2065 950 2138 petitum
972 2065 1176 2124 criminatusao

174 2151 257 2216 “est,
284 2155 313 2200 et
338 2163 439 2200 omnes
465 2141 632 2198 insidiarum
654 2141 713 2198 vias
733 2142 762 2198 in
792 2161 881 2198 unum
911 2143 987 2198 diem
1009 2143 1140 2199 contulit.

174 2222 291 2280 “Volui
310 2221 432 2278 interdiu
446 2239 523 2290 eum,
535 2229 596 2294 post
609 2219 813 2288 lustrationem,
827 2239 915 2294 quum
929 2221 1139 2292 concurrimus,

175 2299 368 2373 “etquidem
397 2298 434 2371 (si
462 2297 526 2352 Diis
545 2298 652 2374 placet)
685 2297 883 2354 lustrationum
914 2298 961 2354 die
982 2299 1140 2355 occidere:

173 2376 290 2441 “volui
311 2393 398 2450 quum
420 2375 455 2430 ad
476 2392 589 2430 coenam
611 2375 736 2440 invitavi,
759 2393 869 2431 veneno
889 2376 1000 2432 scilicet
1021 2376 1140 2432 tollere:

174 2453 289 2520 “volui,
303 2471 389 2526 quum
411 2451 593 2508 comissatum
615 2453 718 2527 gladiis
738 2453 862 2509 accincti
883 2472 929 2510 me
950 2453 1041 2510 secuti
1064 2465 1176 2522 sunt,a⁵

175 2536 195 2568 “
208 2531 281 2588 lerro
302 2529 471 2586 interlicere.
513 2529 659 2604 Tempora
678 2530 793 2603 quidem
817 2531 912 2604 qualia
932 2532 990 2588 sint
1003 2532 1039 2587 ad
1053 2533 1142 2606 parri·

175 2613 194 2646 ‘⁴
206 2608 313 2666 cidium
322 2607 424 2673 electa,
434 2607 529 2664 vides:
554 2607 1006 2679 lusdaconrivii,comissationis.
1034 2609 1141 2669 Quidl

175 2687 268 2744 “dies
288 2685 400 2762 qnalisl
433 2703 489 2759 qno
516 2684 649 2740 lustratus
676 2686 829 2758 exercitus,
849 2706 905 2760 quo
927 2688 999 2744 inter
1021 2687 1142 2743 divisam

175 2769 194 2801 ‘⁶
207 2764 362 2834 uictimam,
383 2763 505 2838 praelatis
529 2763 668 2828 omnium,
692 2764 740 2836 qui
756 2782 879 2837 unquam
894 2764 982 2834 suere,
1006 2765 1142 2820 Macedo·

175 2846 194 2879 “
207 2842 262 2899 niae
276 2861 376 2916 regum
390 2841 475 2897 armis
489 2841 585 2916 regiis,
599 2840 656 2896 duo
669 2840 721 2896 soli
736 2852 784 2896 tua
795 2853 925 2916 tegentes
939 2842 1036 2908 latera,
1051 2854 1140 2916 pater,
1151 2859 1177 2898 ao

175 2925 195 2956 ‘⁶
205 2921 338 2995 preventi
352 2937 460 2985 snmus,
475 2929 504 2974 et
518 2930 648 2974 secutum
663 2929 707 2974 est
723 2918 913 2976 lllacedonum
929 2938 1042 2994 agmen.
1075 2920 1141 2976 Hoc

175 3002 270 3073 “eg0‚
284 2998 369 3054 etiarn
384 2996 407 3053 si
431 2996 498 3070 quid
520 2999 587 3052 ante
610 2991 786 3052 admisissem
808 2997 921 3070 piaculo
942 2997 1071 3073 dignum,
1086 2997 1143 3053 lus-

175 3080 296 3132 “tratus
318 3086 347 3131 et
367 3075 496 3150 expiatus
516 3093 607 3141 sacre,
628 3085 688 3130 tum
713 3093 801 3147 quum
823 3074 945 3132 maxime
968 3076 998 3132 in
1019 3075 1141 3140 hostiam

176 3152 301 3209 “itineri
320 3163 416 3209 nostro
436 3153 641 3209 circumdatam
657 3151 781 3218 intuens,
803 3153 995 3226 parricidium,
1017 3171 1139 3220 venena,

176 3230 325 3306 “gladioS,
348 3231 377 3286 in
399 3230 627 3287 comissationem
647 3241 827 3304 praeeuntes,
848 3229 1008 3287 volutabam
1029 3231 1058 3287 iu
1080 3231 1177 3288 aui-as

176 3313 195 3344 “
208 3327 270 3366 mo:
293 3319 324 3365 ut
337 3307 439 3382 quibus
453 3308 516 3365 aliis
529 3309 634 3374 deinde
648 3307 737 3364 sacris
751 3307 973 3366 contaminatam
986 3309 1065 3368 omni
1079 3327 1142 3366 see-

176 3390 196 3422 “
207 3387 266 3443 lere
281 3397 406 3442 mentem
420 3387 585 3460 expiarent
620 3385 678 3442 Sed
700 3405 795 3442 caecus
816 3386 987 3444 criminandi
1002 3387 1143 3463 cupidita·

176 3468 234 3521 “te
256 3464 376 3534 animos,
402 3463 470 3520 dum
491 3465 588 3520 omnia
610 3475 742 3538 suspecta
762 3464 876 3522 efficere
898 3465 966 3536 vult,
988 3465 1064 3522 aliud
1085 3465 1143 3524 alio

177 3546 196 3578 “
207 3542 376 3599 confundit:
405 3560 481 3612 narn,
496 3541 520 3598 si
534 3561 645 3598 veneno
665 3552 693 3598 te
714 3543 787 3601 inter
808 3561 920 3600 cranam
941 3543 1042 3614 tollere·
1054 3543 1141 3612 volui,

177 3619 275 3694 “quid
290 3618 384 3676 mimis
398 3630 493 3694 aptum
509 3619 570 3690 luit,
591 3618 676 3692 quam
699 3621 839 3696 pertinaci
853 3622 1010 3678 certamine
1023 3632 1053 3678 et
1073 3640 1143 3678 con·
1153 3639 1179 3678 ro

177 3701 292 3754 “cursu
306 3697 408 3754 iratum
422 3707 450 3754 te
465 3697 588 3764 efficere,
605 3708 634 3754 ut
649 3697 749 3755 meritd
773 3699 860 3775 (sicut
874 3699 981 3778 fecisti)
1006 3699 1143 3756 invitatus

177 3775 244 3834 “ad
265 3793 377 3832 coenam
399 3775 564 3831 abnueresl
619 3774 719 3835 Quum
749 3787 844 3834 autern
876 3777 963 3846 iratus
994 3779 1142 3854 negasses,
