2630 4228
496 403 601 454 LIBER
616 404 661 454 Vl.
679 419 740 456 car.
757 421 813 455 xrr.
1106 407 1164 466 139

208 551 226 583 “
238 543 306 612 diat,
321 561 376 600 nec
388 544 521 602 adversus
529 546 645 603 Latinos
659 547 864 622 Hernicosque,
876 565 944 620 quos
953 546 1028 602 salsi·
1039 545 1152 602 crimini

207 630 227 662 “
240 625 293 680 bus
306 623 335 678 in
351 623 537 698 arma‘agant,
552 626 601 680 sed
616 626 749 681 adversus
763 645 793 681 se
808 645 842 681 ac
866 625 977 698 plebem
994 625 1163 692 Romanam,

207 708 226 738 “
238 697 617 758 dictatoremcreutumesse.
639 703 994 775 Jam,0missobello,quod
1003 701 1165 757 simulatum

207 785 226 815 “
238 780 281 848 sit,
297 778 325 846 in
341 795 370 832 se
386 778 521 852 impeturn
536 780 615 835 fieri:
634 780 692 855 jam
707 781 872 836 dictatorem
885 780 1006 854 profiteri
1016 778 1166 853 patrocini·

143 875 146 881 '
185 861 226 916 5“
237 875 285 912 um
300 855 500 912 soeneratorum
515 857 647 912 adversus
658 857 788 930 plebemt
807 859 864 932 jam
879 857 932 912 sibi
944 875 981 912 ex
994 856 1166 912 savoremul·

208 933 367 990 “titudinis
388 934 497 990 crimen
520 945 548 990 et
569 935 724 1009 perniciem
745 936 841 1008 quaeri.
883 933 1043 1005 Offendit,'’
1066 934 1165 1006 inquit,

207 1020 226 1050 “
238 1023 276 1077 te,
293 1016 327 1069 Α.
343 1012 467 1081 Corneli,
482 1031 594 1085 vosque,
609 1011 707 1068 Patres
721 1013 883 1087 conscripti,
898 1012 1071 1068 circumfusa
1084 1011 1167 1067 turba

207 1091 317 1145 “lateri
342 1092 426 1144 meol
466 1089 549 1149 Quin
577 1109 639 1146 earn
668 1090 802 1146 diducitis
829 1109 846 1146 a
869 1109 915 1146 rne
942 1089 1046 1164 singuli
1069 1089 1166 1144 vestris

208 1175 226 1204 “
238 1167 394 1237 beneficiis,
408 1168 621 1238 intercedendo,
646 1168 797 1224 eximendo
810 1169 846 1223 de
861 1186 947 1224 nervo
960 1168 1037 1222 cives
1051 1179 1165 1234 vestros,

174 1263 198 1303 tu
208 1251 226 1282 ‘⁶
239 1245 413 1318 prohibendo
424 1243 566 1319 judicatos
579 1245 762 1319 addictosque
781 1246 858 1311 duci,
882 1265 918 1300 ex
932 1264 975 1314 e0,
990 1245 1064 1318 quod
1078 1243 1167 1299 affluit

208 1323 338 1395 “opibus
368 1323 478 1386 vestris,
510 1323 676 1378 sustinendo
706 1323 890 1378 necessitates
910 1323 1051 1378 alioruml
1107 1321 1166 1376 Sed

207 1408 226 1437 ‘⁶
237 1400 303 1473 quid
318 1419 371 1474 ego
385 1419 445 1470 vos,
459 1400 495 1455 de
516 1411 607 1456 vestro
619 1400 797 1474 impendatis,
813 1401 926 1456 hortorl
958 1401 1067 1455 Sortem
1082 1399 1166 1454 aliam

207 1483 226 1513 “
238 1477 324 1533 ferte:
356 1477 494 1550 decapite
509 1478 652 1548 deducito,
666 1478 740 1550 quod
755 1478 847 1533 usuris
861 1487 1090 1552 pernumeratum
1104 1487 1166 1532 est:

207 1562 226 1591 ‘⁶
234 1554 292 1628 jam
307 1555 396 1610 nihilo
410 1574 473 1611 mea
488 1555 577 1623 turba,
602 1557 685 1628 quarn
702 1555 794 1620 ullius,
810 1555 988 1630 conspectior
1002 1554 1063 1610 erit.
1106 1554 1167 1610 ‘At

175 1632 343 1702 amonim,
368 1632 434 1706 quid
458 1632 496 1688 ita
520 1632 596 1688 solus
612 1651 673 1707 ,ego
701 1633 805 1688 civium
827 1651 924 1688 curam
946 1631 1041 1706 agol’
1076 1631 1166 1687 nihilo

207 1715 226 1747 “
238 1710 335 1784 magis,
350 1710 424 1783 quod
439 1710 635 1784 respondeam,
650 1711 748 1779 haben,
774 1711 857 1784 quam
877 1711 900 1766 si
914 1728 1031 1784 qnaeras,
1045 1709 1112 1782 quid
1127 1709 1167 1764 ita

207 1793 226 1824 “
238 1787 313 1843 solus
327 1787 498 1860 Capitolium
511 1805 660 1860 arcemque
675 1789 850 1843 servaverim.
892 1788 929 1844 Et
943 1799 1002 1844 turn
1018 1785 1164 1852 universis,

207 1871 320 1938 “quarn
348 1865 434 1938 potui,
462 1883 544 1938 opem
572 1865 631 1932 tuli,
656 1877 684 1920 et
707 1884 785 1925 nunc
809 1865 929 1939 singulis
950 1865 1047 1920 feram.
1089 1863 1165 1919 Nam

207 1943 310 2015 “quod
338 1943 373 1998 ad
398 1943 544 1998 thesauros
566 1941 691 1998 Gallicos
705 1944 811 2011 attinet,
840 1961 910 2008 rem,
938 1942 1037 2015 suipte
1066 1944 1164 1996 naturfi

172 2026 226 2076 au“
239 2020 362 2090 facilem,
376 2017 520 2076 difficilem
542 2019 724 2095 interrogatio
745 2020 830 2076 facit:
863 2039 914 2076 cur
938 2019 1014 2076 enirn
1028 2018 1164 2092 quaeritis,

207 2104 226 2134 ‘t
237 2097 311 2170 quod
326 2097 427 2153 scitisi
462 2116 522 2164 cur,
545 2098 619 2171 quod
644 2099 673 2154 in
695 2099 759 2153 sinu
774 2108 865 2154 vestro
879 2108 931 2162 est,
946 2097 1041 2152 excuti
1061 2095 1166 2170 jubetis

207 2181 227 2210 “
239 2173 338 2246 potiris,
353 2175 437 2248 quarn
452 2175 571 2248 ponatis,
586 2175 642 2230 nisi
656 2175 749 2248 aliqua
767 2175 843 2230 fraus
857 2175 975 2230 subestl
1016 2171 1086 2232 Quo
1110 2191 1166 2228 ma·

208 2257 228 2289 “
238 2251 282 2325 gis
296 2253 376 2325 argui
390 2253 545 2327 praestigias
561 2252 666 2327 jubetis
681 2264 794 2318 vestras,
817 2251 851 2307 ed
864 2252 931 2326 plus
944 2269 1051 2316 vereor,
1066 2269 1103 2306 ne
1117 2250 1166 2305 ab·

207 2329 371 2384 “stuleritis
391 2330 605 2387 observantibus
631 2331 717 2386 etiam
742 2330 848 2386 oculos.
903 2330 1002 2402 Itaque
1024 2347 1080 2384 non
1102 2347 1164 2402 ego,

162 2412 226 2480 ,sa‘i
239 2407 316 2462 robis
330 2418 360 2462 ut
374 2407 497 2463 indicem
513 2409 622 2481 praedas
637 2419 750 2478 vestras,
772 2409 822 2464 sed
846 2427 895 2463 vos
909 2407 937 2463 id
953 2407 1074 2481 cogendi
1087 2406 1165 2471 astla,

207 2485 311 2542 “utin
327 2485 450 2540 medium
465 2485 639 2559 proferatis.”

246 2640 329 2697 XVI.
362 2641 462 2701 Quum
483 2642 594 2698 mittere
621 2643 756 2718 ambages
776 2643 895 2698 dictator
919 2641 1041 2715 juberet,
1069 2651 1099 2696 et
1119 2650 1167 2696 aut

206 2737 341 2792 peragere
356 2737 452 2775 verum
469 2720 606 2776 indicium
621 2728 744 2794 cogeret,
760 2731 808 2776 aut.
830 2719 910 2776 fateri
924 2719 1035 2774 facinus
1050 2717 1167 2773 insimu-

206 2795 254 2851 lati
270 2796 339 2852 salso
352 2797 471 2853 crimine
486 2800 608 2863 senaida,
623 2799 779 2871 oblataeque
794 2797 859 2852 vani
873 2796 938 2852 surti
953 2796 1086 2864 invidiae3
1118 2813 1167 2850 ne·

173 2893 197 2931 au
206 2885 330 2947 gentem,
345 2874 459 2930 arbitrio
473 2875 653 2933 inimicorum
667 2894 697 2930 se
719 2875 889 2939 locuturum,
910 2874 939 2929 in
964 2873 1077 2929 vincula
1099 2871 1165 2927 duci

203 2952 294 3024 jussit.
336 2952 474 3025 Arreptus
501 2971 516 3007 a
541 2951 653 3019 viatore,
689 2952 862 3026 “Jupiter,''
891 2951 988 3024 inquit,
1020 2949 1166 3023 “Optime

207 3039 225 3064 ‘⁶
236 3028 370 3098 Maxime,
385 3029 403 3084 J
406 3049 517 3102 unoque
532 3030 656 3104 Regina,
672 3049 706 3086 ac
721 3029 860 3100 Minerva,
881 3029 1033 3100 cererique
1048 3028 1096 3084 Dii
1110 3027 1167 3082 De·

207 3111 226 3142 ‘⁴
238 3125 327 3178 aeque,
343 3107 390 3180 qui
405 3107 577 3180 Capitolium
600 3126 750 3181 arcemque
766 3107 896 3175 incolitis,
920 3106 1028 3162 siccine
1042 3116 1165 3162 vestrum

207 3184 357 3240 “militem
379 3204 412 3240 ac
434 3186 581 3260 praesidem
606 3185 697 3241 sinitis
725 3185 821 3254 vexari,
846 3183 881 3239 ab
908 3183 1051 3240 inimicisl
1093 3183 1165 3238 Haec

173 3265 225 3319 as“
238 3261 347 3326 dextra,
363 3264 416 3335 quai
431 3262 527 3318 Gallos
542 3263 601 3318 sudi
616 3282 633 3318 a
647 3263 772 3318 delubris
794 3263 900 3330 restris,
920 3261 978 3336 jarn
1002 3263 1030 3318 in
1046 3260 1166 3317 vinculis

207 3344 225 3374 ‘⁸
237 3350 266 3394 et
280 3340 388 3395 catenis
402 3341 455 3395 erit
465 3343 476 3394 l
488 3340 506 3366 ’'
548 3339 661 3396 Nullius
676 3359 730 3396 nec
748 3341 823 3396 oculi
838 3359 892 3396 nec
914 3359 996 3395 aures
1015 3338 1166 3412 indignita-

206 3426 262 3472 tem
279 3417 422 3474 serebant:
456 3419 504 3473 sed
520 3418 625 3473 invicta
645 3418 698 3473 sibi
720 3419 847 3491 quaedarn
873 3417 1077 3491 patientissima
1097 3415 1165 3490 justi

207 3494 315 3568 imperii
331 3495 431 3551 civitas
446 3496 568 3551 fecerat:
597 3515 660 3564 nec,
675 3496 808 3551 adversus
830 3495 1005 3551 dictatoriam
1031 3495 1095 3563 vim,
1118 3503 1166 3548 aut

206 3572 311 3628 tribuni
325 3573 415 3646 plebis
429 3584 476 3629 aut
490 3574 550 3646 ipsa
564 3573 642 3646 plebs
657 3573 791 3630 attollere·
805 3573 902 3628 oculos
924 3567 982 3627 aut*
994 3573 1104 3628 hiscere
1119 3588 1166 3624 au·

172 3650 319 3707 rodebant.
361 3651 500 3726 Conjecto
515 3652 544 3706 iu
566 3670 709 3706 carcerem
725 3649 843 3720 Manlio,
865 3649 933 3704 satis
954 3659 1074 3717 constat,
1089 3664 1166 3719 mag-

206 3747 271 3783 nam
287 3739 393 3802 partem
409 3727 498 3802 plebis
523 3741 628 3786 vestem
652 3731 784 3797 munisse,
809 3728 911 3783 multos
936 3726 1066 3782 mortales
1080 3723 1165 3797 capil-

205 3805 262 3861 lum
279 3825 312 3862 ac
327 3807 441 3862 barbam
457 3807 627 3880 promisisse,
646 3807 878 3878 obversatamque
893 3803 1028 3860 vestibulo
1043 3801 1165 3856 carceris
