2632 4224
563 349 669 398 LIBER
685 349 706 398 1.
724 363 785 398 cur.
797 363 848 396 vn.
1163 347 1184 406 9

226 499 366 548 nosceret.
409 488 454 546 Ita
469 473 594 564 undiquc
607 491 668 566 regi
682 490 764 547 dolus
777 476 909 547 nectitur.
951 487 1102 559 Romulus,
1124 505 1184 544 non

226 588 293 626 cum
317 567 401 644 globo
420 567 557 643 juvenum
583 568 651 644 (nec
671 569 748 625 enim
769 579 830 624 erat
850 567 885 624 ad
899 567 955 623 vim
969 575 1094 641 apertam
1107 565 1183 642 par),

226 647 277 702 sed
292 647 355 702 aliis
369 645 423 702 alio
437 645 538 702 itinere
555 646 641 721 jussis
654 657 732 702 certo
753 656 880 720 tempore
901 645 935 701 ad
957 643 1065 718 regiam
1086 643 1184 700 venire

225 724 394 798 pastoribus,
409 723 444 780 ad
458 742 555 798 regem
579 723 714 798 impetum
739 723 825 780 lacit:
846 732 875 778 et
888 741 905 778 a
918 723 1002 778 domo
1025 720 1184 778 Numitoris

204 801 284 874 5alid
297 801 460 884 comparatis
472 820 558 858 manu
572 801 685 876 adjurat
698 801 810 858 Remus
823 819 829 857 :
843 801 883 858 ita
893 817 990 876 regem
1003 799 1183 856 obtruncant.
1209 878 1227 916 k

178 1001 184 1010 .
277 956 330 1013 VI.
361 957 505 1024 Numitor,
524 956 597 1013 inter
617 955 738 1031 primum
760 956 911 1014 tumultum
933 955 1028 1013 hostes
1048 953 1184 1012 invasisse

228 1034 327 1090 urbem
339 1045 422 1108 atque
434 1034 545 1092 adortos
553 1034 661 1109 regiam
672 1034 816 1100 dictitans,
828 1053 915 1109 quum
926 1034 1030 1109 pubem
1043 1033 1184 1090 Albanam

144 1138 159 1172 ·,
228 1112 257 1168 in
282 1131 378 1168 arcem
401 1111 531 1186 presidio
551 1111 692 1186 armisque
715 1112 898 1168 obtinendam
923 1111 1089 1180 avocdsset3
1112 1121 1186 1185 post-

228 1207 312 1263 quam
333 1189 461 1264 juvenes,
475 1191 635 1264 perpetrati
656 1189 745 1255 crede,
760 1208 877 1265 pergere
901 1191 938 1246 ad
959 1209 989 1246 se
1010 1187 1185 1264 gratulantes

196 1299 220 1338 ω
230 1267 307 1333 vidit,
322 1267 462 1340 extemplo
475 1267 612 1324 advocato
625 1267 757 1339 concilio,
772 1269 880 1324 scelera
893 1268 922 1324 in
936 1286 967 1324 se
981 1266 1083 1337 fratris,
1102 1266 1186 1340 crigi-

229 1363 295 1400 nem
319 1349 463 1418 nepotum,
477 1355 510 1400 ut
522 1344 621 1420 geniti,
635 1355 667 1400 ut
680 1345 804 1412 educati,
828 1356 860 1402 ut
882 1345 989 1420 cogniti
1013 1353 1117 1414 essent,
1132 1361 1187 1400 cm·

229 1423 295 1478 dem
309 1423 445 1496 deinceps
467 1422 588 1496 tyranni,
603 1441 689 1496 seque
710 1423 772 1497 ejus
794 1434 938 1480 auctorem
962 1421 1094 1479 ostendit.
1136 1421 1187 1478 Ju-

229 1518 325 1564 venes,
340 1519 389 1574 per
402 1500 525 1556 mediam
539 1500 709 1556 concionem
723 1501 836 1576 agmina
855 1501 986 1576 ingressi,
1000 1519 1087 1574 quum
1102 1517 1184 1556 avum

229 1595 325 1651 regem
340 1577 517 1647 salutassent,
532 1586 630 1634 secuta
650 1597 687 1635 ex
708 1579 784 1635 omni
809 1579 989 1636 multitudine
1003 1578 1187 1636 consentiens

196 1686 221 1724 15
231 1673 283 1710 vox
297 1666 387 1710 ratum
402 1673 506 1712 nomen
521 1656 726 1730 imperiumque
750 1657 809 1732 regi
830 1657 934 1713 effe’eit.
976 1657 1021 1712 Ita
1041 1655 1185 1712 Numitori

231 1733 345 1788 Athana
359 1733 549 1806 permissere,
564 1733 720 1812 Romulum
741 1734 923 1810 Remumque
938 1727 1042 1809 cupido
1055 1734 1140 1808 cepit,
1156 1733 1185 1788 in

231 1810 266 1866 iis
279 1811 358 1882 locis,
373 1811 421 1866 ubi
434 1811 564 1884 expositi,
578 1811 682 1884 ubique
696 1812 810 1868 educati
821 1825 911 1879 erant,
922 1813 999 1868 urbis
1010 1811 1185 1868 condendus:

231 1899 260 1944 et
280 1899 424 1962 supererat
444 1889 594 1945 multitudo
616 1890 791 1946 Albanorum
815 1890 1046 1962 Latinorumque.
1088 1889 1136 1944 Ad
1158 1887 1186 1944 id

230 1977 356 2038 pastores
369 1985 479 2040 quoque
493 1977 681 2036 accesserant,
695 1967 743 2041 qui
756 1987 855 2024 omnes
866 1967 947 2023 facile
959 1985 1037 2042 spem
1049 1966 1185 2034 facerent,

162 2041 169 2107 ξ
195 2062 344 2116 ,operiam
363 2044 477 2115 Albam,
492 2062 607 2118 parrum
629 2045 789 2112 Lavinium,
812 2064 869 2120 proe
890 2045 926 2101 ed
942 2045 1021 2110 urbe,
1038 2063 1187 2118 quaeccn·

163 2166 168 2198 ,
231 2121 356 2192 deretur,
374 2121 441 2178 sore.
484 2122 640 2178 Intervenit
661 2122 765 2178 deinde
779 2124 824 2178 his
847 2122 1067 2197 cogitationibus
1081 2121 1185 2178 avitum

163 2201 170 2259 l
231 2199 351 2274 malum,
363 2199 443 2273 regni
457 2199 580 2273 cupid03
602 2213 685 2273 atque
699 2200 765 2256 inde
780 2200 886 2256 loedum
900 2211 1044 2256 certamen
1059 2210 1186 2256 coortum

161 2276 168 2291 '
231 2276 329 2331 asatis
342 2277 404 2331 miti
424 2275 572 2364 principio.
612 2276 759 2335 Quoniam
774 2275 881 2352 gemini
902 2286 1006 2346 esseut,
1020 2295 1076 2332 nec
1097 2277 1187 2333 aetatis

230 2353 404 2409 verecundia
426 2353 579 2409 discrimen
605 2353 699 2409 secere
723 2365 826 2427 posset,
841 2365 872 2410 ut
886 2353 944 2420 Dii,
959 2372 1076 2427 quorum
1092 2355 1187 2410 tutele

156 2473 170 2497 ,.
196 2449 265 2504 ffies
277 2431 341 2487 loca
354 2441 457 2500 esseut,
472 2431 598 2506 auguriis
610 2431 746 2505 legerent,
758 2431 805 2504 qui
817 2450 919 2490 nomen
932 2449 1011 2487 uovae
1024 2431 1085 2487 urbi
1097 2433 1186 2502 daret,

158 2532 173 2576 r·
231 2509 278 2581 qui
302 2504 446 2565 conditam
466 2509 584 2582 imperio
607 2518 727 2582 regeret,
743 2509 881 2564 Palatium
907 2509 1060 2580 Romulus,
1075 2509 1187 2566 Remus

13 2643 27 2720 ,v
162 2582 171 2608 '⁴'
231 2586 416 2656 Aventinum,
431 2586 467 2643 ad
482 2586 720 2662 inaugurandum,
734 2587 838 2662 templa
851 2585 976 2662 capiunt.

192 2698 238 2795 'i
271 2742 339 2799 VII.
361 2727 560 2800 Priori'Remo
574 2743 724 2818 augurium
738 2743 848 2800 venisse
863 2743 959 2815 fertur,
974 2761 1023 2800 sex
1044 2737 1186 2799 vultures:

13 2854 38 2905 θ
229 2820 354 2896 jamque,
368 2821 498 2878 nuntiato
522 2823 650 2896 auguri0,
663 2841 750 2894 quum
775 2822 878 2896 duplex
902 2839 1038 2878 numerus
1062 2821 1188 2878 Romulo

56 2911 60 2920 ·
197 2917 263 2974 ,ose
276 2898 456 2970 ostendisset,
470 2909 514 2954 utr
537 2916 729 2990 mffiregem
751 2918 803 2954 sua
823 2899 974 2956 multitudo
995 2899 1188 2955 consalutare·

177 3025 183 3044 ,
232 2987 307 3049 ταῖς,
320 2986 445 3050 tempore
468 2976 508 3032 illi
532 2968 681 3051 jiiaeceqlto,
703 2987 732 3032 at
756 2976 784 3032 hi
806 2995 925 3041 numero
946 2977 1048 3046 avium,
1068 2993 1187 3049 regnum

32 3057 35 3064 '
91 3053 389 3128 j.[.·„„„fflahebant.
441 3053 523 3120 Inde,
550 3073 616 3110 cum
643 3054 825 3110 altercatione
852 3054 1007 3128 congressi,
1032 3054 1188 3109 certamine
1222 3085 1226 3094 ·

232 3131 335 3188 irarum
350 3131 386 3186 ad
400 3129 509 3188 caedem
523 3140 687 3187 vertuntur:
709 3131 749 3187 ibi
763 3131 790 3186 in
806 3131 889 3188 turbs
903 3132 976 3187 ictus
991 3131 1102 3187 Remus
1113 3131 1188 3188 coci·

232 3210 281 3265 dit.
323 3209 472 3284 Vulgaticr
487 3209 562 3265 fame
575 3219 626 3277 est,
640 3208 762 3264 ludibrio
777 3209 868 3266 fratris
879 3209 1006 3266 Remum
1018 3227 1104 3265 novos
1115 3221 1189 3266 tran·

197 3285 343 3357 „siluisse
357 3297 470 3344 muros:
489 3287 556 3342 iude
577 3287 613 3342 ab
627 3287 698 3342 irato
719 3285 844 3343 Romulo
859 3289 959 3360 (quum
973 3287 1065 3342 verbis
1077 3305 1189 3360 quoque

199 3361 218 3434 Ξ
233 3364 405 3438 increpitans
419 3365 579 3439 adjecisset,
605 3367 621 3396 “
635 3364 685 3420 Sic
699 3363 813 3430 deinde,
827 3364 999 3438 quicumque
1023 3363 1095 3420 alius
1115 3374 1190 3420 tran·

131 3445 151 3503 .'
203 3450 217 3522 vj
234 3447 250 3473 “
260 3441 334 3498 siliet
345 3443 450 3498 moenia
460 3442 570 3518 mea'’)
583 3441 774 3516 intersectum.
809 3441 853 3498 lta
866 3441 942 3498 solus
954 3441 1059 3515 potitus
1070 3441 1189 3516 imperio

204 3519 392 3588 *Romulum
407 3519 522 3577 condita
535 3519 602 3576 urbs
615 3519 770 3576 conditoris
784 3519 899 3581 nomine
920 3517 1067 3592 appellata.
1087 3531 1089 3536 '
1110 3519 1190 3575 Pale·

104 3606 109 3612 '
189 3603 217 3670 ,ἢ
232 3597 449 3672 tiumprimdm,
464 3599 493 3654 in
506 3597 634 3671 quo-ipse
644 3597 709 3674 ferat
723 3597 871 3666 educatus,
886 3596 1006 3652 muniit:
1031 3615 1112 3652 sacra
1125 3596 1189 3651 Diis
1215 3641 1220 3646 .

202 3675 294 3766 {aliis
320 3675 432 3732 Albano
456 3675 522 3740 ritu,
543 3665 646 3746 Gr'aecc
670 3659 799 3740 llerculi,
815 3685 847 3729 ut
859 3673 895 3728 eb
908 3672 1042 3730 Evandro
1061 3673 1191 3728 instituta

197 3763 323 3826 flerunt,
349 3753 424 3810 facit.
473 3753 629 3810 Herculem
653 3752 682 3808 in
707 3769 742 3806 ea
764 3751 835 3820 loca,
857 3751 989 3822 Geryone
1011 3751 1188 3821 interempto,
