2630 4228
185 341 242 406 ιω
585 313 755 392 arbitrtu

182 483 300 540 veniunt
312 499 319 540 :
340 485 360 518 “
371 483 471 540 alienis
482 483 573 555 malis,
582 483 643 540 utili
654 481 792 556 exemplo,
802 479 931 550 doctos,”
941 490 1142 554 memorantes,

183 569 203 596 ‘¹
212 560 366 616 amicitiam
393 561 487 626 malle,
514 559 599 634 quam
623 561 679 615 vim
700 558 819 633 experiri
842 556 1012 614 Poenorurn':
1047 559 1142 632 itaque

182 637 375 694 “obedienter
388 637 525 712 imperata
539 636 670 703 facturos,
692 646 881 695 commeatum
904 633 1072 708 itinerisque
1090 637 1142 692 du-

182 722 268 778 “ces‚
282 724 311 770 et
330 715 364 770 ad
386 714 471 770 fidem
492 714 690 788 promissorum
712 713 825 771 obsides
849 709 1019 786 accipere'tl’
1064 713 1143 770 Han-

179 791 257 846 nibal
278 809 333 847 nec
347 793 453 868 temere
474 791 625 859 credendo,
645 808 700 846 nec
722 790 928 864 adspernando‚
943 803 980 845 ne
1000 785 1141 864 repudiati
1164 797 1179 840 ³

180 870 278 942 aperte
294 869 388 934 hostes
401 867 511 938 fierent,
526 865 650 942 benigne
665 883 751 940 quum
766 867 974 942 respondisset3
995 866 1151 938 obsidibus,

179 963 252 1018 quos
273 945 388 1011 dabant,
410 944 544 1018 acceptis,
565 954 595 1001 et
608 955 779 1010 commeatu,
787 945 877 1017 'quem
893 945 921 1000 in
937 944 1011 1000 viam
1025 944 1078 1018 ipsi
1092 945 1143 1001 de-

179 1023 312 1093 tulerant,
337 1040 420 1089 usus;
442 1021 620 1095 nequdquam
642 1032 673 1077 ut
695 1021 1071 1096 interpaoatoS,composit0
1094 1041 1143 1098 ag·

179 1099 267 1170 mine,
282 1099 370 1154 duces
383 1117 480 1154 eorum
505 1098 638 1172 sequitur.
681 1098 807 1154 Primum
831 1116 934 1172 agmen
948 1098 1091 1172 elephanti
1113 1111 1143 1156 et

179 1176 288 1249 equites
301 1185 398 1232 erant:
429 1176 489 1250 ipse
510 1174 573 1250 pdst
587 1193 653 1231 curn
677 1175 777 1231 robore
798 1175 935 1248 pediturn,
950 1175 1178 1250 circumspecro

179 1264 242 1308 tans
266 1253 459 1326 sollicitusque
480 1252 585 1323 omnia,
613 1252 772 1308 incedebat.
814 1251 870 1308 Ubi
892 1251 921 1308 in
949 1253 1141 1326 angustiorem

178 1330 253 1386 viam
267 1349 305 1386 ex
321 1339 399 1406 parte
414 1329 503 1386 altera
516 1329 673 1404 subjectam
691 1329 760 1404 jugo
774 1329 888 1403 insuper
902 1328 1063 1385 imminenti
1073 1349 1141 1386 ven-

178 1417 238 1464 tum
253 1418 304 1477 est,
320 1407 445 1482 undique
458 1425 494 1462 ex
507 1406 618 1462 insidiis
634 1406 745 1462 barbari
757 1410 781 1464 'a
795 1406 896 1476 fronte,
911 1405 1048 1480 abtergo,
1063 1425 1142 1464 coor-

179 1485 211 1553 ti,
233 1485 373 1556 cominus,
397 1484 509 1540 eminus
528 1493 646 1558 petunt:
679 1499 747 1539 saxa
767 1483 896 1558 ingentia
911 1482 945 1538 'in
967 1499 1070 1558 agmen
1092 1485 1142 1541 de-

180 1562 309 1618 volvunt:
341 1561 464 1618 maxima
478 1561 513 1616 ab
534 1571 614 1636 tergo
638 1561 679 1616 vis
700 1561 848 1617 hominum
872 1561 999 1634 urgebat.
1042 1559 1076 1616 In
1091 1581 1141 1619 eos
1151 1572 1177 1613 1⁵

179 1655 261 1694 versa
282 1639 410 1713 peditum
431 1638 508 1694 acies
522 1639 596 1694 haud
621 1638 832 1709 dubiumlecit,
853 1637 933 1712 quin,
955 1638 1010 1694 nisi
1031 1637 1141 1698 firmata

178 1727 306 1772 extrema
319 1716 442 1791 agminis
456 1715 584 1785 fuissent,
599 1715 702 1790 ingens
718 1716 747 1772 in
761 1733 796 1771 eo
809 1715 882 1772 saltu
900 1715 1069 1789 accipienda
1082 1717 1141 1773 cla·

179 1793 230 1848 des
245 1793 336 1850 fuerit.
388 1793 476 1850 Tunc
497 1811 608 1867 quoque
628 1793 664 1849 ad
685 1804 844 1849 extremum
865 1792 984 1867 periculi
999 1811 1033 1848 ac
1053 1811 1139 1868 prope

177 1871 334 1946 perniciem
348 1882 463 1936 ventum
478 1881 540 1927 est:
571 1889 648 1937 narn,
670 1871 737 1926 dum
752 1880 903 1926 cunctatur
924 1869 1069 1926 Hannibal
1090 1872 1140 1928 de·

178 1948 290 2005 mittere
317 1967 421 2024 agmen
449 1948 478 2004 in
506 1948 669 2022 angustias;
703 1947 851 2021 quianon,
873 1947 976 2021 utipse
997 1947 1176 2020 equitibusao

176 2027 309 2100 praesidio
322 2037 392 2098 erat,
407 2027 446 2084 ita
466 2024 608 2099 peditibus
628 2017 779 2100 quidquam
801 2025 838 2080 ab
859 2035 939 2098 tergo
959 2023 1056 2080 auxilii
1077 2027 1141 2082 reli·

177 2114 294 2178 querat;
325 2113 509 2161 occursantes
531 2121 582 2178 per
604 2103 717 2176 obliqua
741 2101 879 2173 montani,
899 2107 1032 2176 perrupto
1045 2104 1141 2160 medio

177 2182 302 2256 agmine,
317 2182 391 2238 viam
406 2181 555 2238 insedere:
577 2197 690 2254 noxque
704 2197 762 2236 una
786 2177 943 2237 Hannibali
964 2179 1026 2237 siae
1040 2180 1139 2254 equiti·

177 2258 231 2314 bus
244 2269 327 2331 atque
341 2257 553 2332 impedimentis
566 2267 631 2312 acta
643 2266 696 2312 est.
722 2273 738 2304 ο
1086 2271 1088 2280 ’

215 2411 345 2470 XXXV.
366 2413 483 2471 Postero
496 2413 553 2480 die,
564 2413 624 2490 jatn
638 2414 760 2490 segnius
772 2413 1025 2472 intercursantibus
1039 2412 1138 2472 harba—
1147 2427 1175 2468 as

174 2491 223 2562 ris,
242 2492 350 2567 junctae
371 2491 470 2566 copim,
492 2491 634 2566 saltusque
655 2493 730 2548 haud
750 2493 814 2548 sine
844 2492 926 2558 clade
959 2489 1077 2567 (majore
1097 2501 1138 2549 ta·

174 2587 241 2627 men
267 2570 471 2645 jumentorum,
500 2567 585 2644 qudm
613 2570 771 2636 hominum,
802 2569 941 2644 pernicie)
968 2580 1137 2644 superatus:

174 2648 242 2705 inde
257 2648 383 2705 montani
398 2647 547 2722 pauciores
567 2647 636 2722 jam,
650 2657 679 2704 et
700 2647 841 2704 latrocinii
866 2647 957 2722 magis
970 2645 1056 2721 qudrn
1070 2647 1137 2705 belli

175 2745 264 2799 more,
279 2727 506 2795 concursabant3
528 2724 612 2782 modo
626 2725 661 2780 in
669 2725 800 2799 primurn,
815 2725 900 2781 modo
914 2725 943 2780 iu
954 2725 1137 2781 novissimum
1194 2773 1196 2778 .

174 2823 288 2880 agmen,
310 2816 465 2878 utcumque
486 2814 536 2860 aut
548 2803 628 2871 locus
648 2803 886 2877 opportunitatem
902 2803 991 2870 daret,
1006 2813 1054 2858 aut
1075 2815 1173 2878 pro-sn

172 2883 263 2958 gressi
288 2882 424 2941 morative
445 2881 567 2955 aliquam
591 2881 773 2937 occasionem
789 2880 931 2937 fecissent.
973 2879 1135 2954 Elephanti,

172 2961 248 3018 sicut
261 2959 421 3034 precipites
434 2977 484 3032 per
498 2969 591 3014 arctas
614 2957 673 3013 vias
696 2959 798 3032 magna
823 2957 902 3014 mord
916 2957 1082 3032 agebantur,
1097 2957 1137 3014 ita

172 3048 266 3095 tutum
292 3039 330 3094 ab
351 3036 489 3108 hostibus,
515 3035 696 3110 qudcumque
717 3035 894 3105 incederent,
916 3033 996 3110 (quia
1016 3033 1136 3092 insuetis

172 3115 296 3172 adeundi
311 3115 429 3190 propihs
443 3124 542 3170 metus
563 3109 637 3190 erat)
659 3131 761 3187 agmen
776 3112 947 3186 prabebant
989 3112 1075 3169 Nono
1089 3113 1136 3169 die

171 3193 202 3250 in
221 3193 322 3268 jugum
344 3193 462 3266 Alpium
482 3199 649 3266 perventum
663 3201 716 3256 ast,
730 3208 781 3268 per
801 3190 877 3246 invia
888 3190 1033 3263 pleraque,
1051 3200 1081 3246 et
1093 3203 1171 3246 enas

171 3289 260 3339 rores,
274 3287 344 3344 quos
358 3280 407 3326 aut
421 3269 589 3325 ducentium
604 3267 689 3333 fraus,
705 3278 761 3337 aut,
785 3268 833 3324 ubi
848 3265 919 3323 fides
930 3267 964 3323 iis
977 3285 1035 3335 npn
1049 3279 1135 3335 esset,

171 3348 278 3405 temere
293 3347 370 3403 inita
385 3346 474 3402 valles'
492 3365 509 3402 a
529 3345 757 3420 conjectantibus
776 3345 838 3414 iter,
855 3345 1020 3402 faciebant·
1049 3345 1136 3402 Bidu-

171 3444 221 3482 um
243 3425 272 3481 in
290 3424 360 3500 jugo
381 3423 481 3480 stativa
501 3423 616 3480 habita:
651 3423 786 3496 fessisque
809 3421 904 3478 labore
926 3441 960 3479 ac
980 3423 1136 3498 pugnando

171 3503 253 3580 quies
267 3502 333 3560 data
354 3501 508 3558 militibus:
537 3501 722 3576 jumentaque
743 3499 858 3574 aliquot,
872 3519 934 3574 quae
955 3499 1084 3575 prolapsa
1103 3500 1135 3556 in

171 3581 289 3656 rupibus
317 3590 407 3652 erant,
431 3579 576 3652 sequendo
596 3579 717 3654 vestigia
737 3578 859 3654 agminis
873 3579 903 3634 in
924 3589 1018 3634 castra
1037 3593 1171 3652 perse-to

171 3659 250 3717 nere.
291 3658 388 3715 Fessis
401 3657 486 3714 tedio
499 3667 539 3712 tot
555 3657 691 3712 malorum
706 3656 778 3712 nivis
792 3655 877 3712 etiarn
891 3675 985 3722 casus,
1000 3656 1135 3712 occiden-

170 3747 199 3794 te
217 3738 276 3812 jam
297 3737 390 3794 sidere
404 3734 605 3808 Vergiliarum,
621 3733 765 3807 ingentem
779 3745 914 3790 terrorem
930 3733 1043 3809 adjecit.
1077 3733 1134 3790 Per
