2630 4228
145 355 189 416 ω
509 429 514 453 1
543 357 613 408 'nn
629 359 713 408 Lrvn

422 461 438 480 .,
521 469 524 479 ,
577 474 581 485 ,
612 483 614 492 ¹
783 482 792 493 ss
873 442 919 480 ,’.
971 453 1010 480 (ι
1073 469 1077 486 ,Ι

147 494 225 554 “tim
249 515 304 554 nec
327 517 380 556 nos
403 487 601 575 teinp'eramus'
612 497 752 576 imperiis,
761 496 829 576 'qud
842 501 941 559 minus
959 501 1002 561 illi
1012 505 1110 564 anxilii

147 575 308 649 “egeant'’
348 575 450 638 Quum
478 579 540 634 bec
564 595 600 636 ex
625 580 704 636 omni
728 592 806 654 parte
830 580 1015 656 jactarentur,
1043 583 1111 642 victi

145 669 288 710 eotrsensu
302 655 467 721 decemviri,
483 655 592 714 futuros
606 677 646 727 se,
664 659 779 732 quando
793 658 832 714 ita
852 659 990 725 videatur,
1012 660 1042 716 in
1062 679 1112 735 po·

146 741 246 787 testate
262 731 377 790 Petrum
392 733 542 792 affirmant.
585 735 617 791 ld
633 731 717 792 modo
737 736 820 794 simul
838 748 921 794 orant
934 756 969 794 ac
985 750 1111 805 monent,

146 820 177 864 ut
190 809 259 883 ipsis
273 812 309 868 ab
324 811 428 868 invidia
443 823 595 881 caveatnr;
616 833 671 871 nec
686 833 738 871 suo
751 814 892 890 sanguine
915 816 951 872 ad
973 817 1113 891 supplicia
1132 832 1147 872 a

146 885 262 944 Parrum
276 889 389 964 plebem
404 890 603 948 assuefaciant.
853 923 855 926 ·

167 1043 267 1135 ‚Lm
289 1045 367 1104 Tum
383 1047 515 1106 Valerius
530 1048 731 1124 Horatiusque,
747 1049 840 1120 missi,
850 1050 1031 1136 ladpplebem
1046 1069 1121 1118 cons

144 1122 310 1195 ditionibus,
332 1125 435 1199 quibus
458 1127 608 1194 videretur,
619 1129 831 1205 ,revocandamj
843 1129 1125 1215 componendasque¹

145 1219 199 1264 res,
215 1201 386 1260 decemviris
399 1223 510 1279 quoque
525 1205 561 1261 ab
575 1206 615 1262 ira
636 1219 665 1262 et
679 1206 786 1280 impetn
800 1207 992 1263 multitudinis
1006 1224 1156 1281 praeca-pr
1183 1236 1187 1248 ·

145 1299 209 1334 vere
221 1281 367 1354 jubentur.
411 1282 535 1340 Profecti
556 1284 661 1358 gaudio
686 1285 799 1359 ingenti
809 1284 900 1358 plebis
915 1284 943 1340 in
959 1297 1146 1356 castraac·1o¹

144 1357 306 1430 cipiurrtur3
340 1360 443 1435 quippe
458 1361 622 1418 liberatores
644 1363 719 1417 baud
742 1360 829 1418 dubie
851 1374 886 1426 et
904 1362 1000 1419 motds
1020 1363 1110 1430 initio,

144 1447 171 1490 et
186 1437 266 1492 exitu
281 1438 332 1494 rei.
373 1437 422 1494 Ob
443 1439 505 1495 haec
529 1439 747 1502 advenientibus
770 1439 869 1515 gratita
890 1452 970 1496 aetra.
1012 1440 1113 1497 Icilius

146 1533 195 1586 pro
216 1515 399 1574 multitudine
412 1517 498 1572 verba
513 1516 589 1574 facit.
632 1517 724 1584 Idem,
738 1537 826 1591 quum
840 1518 876 1574 de
897 1518 1113 1578 conditionibus
1139 1539 1155 1564 ι’

145 1605 285 1665 ageretur,
300 1595 493 1668 querentibus
517 1595 628 1670 legatie,
651 1615 714 1669 quae
735 1597 875 1670 postulata
895 1589 986 1670 plebis
1006 1607 1111 1662 essent,

145 1672 303 1744 composito
313 1673 371 1748 jam
394 1686 460 1736 ante
475 1671 628 1730 adventum
647 1673 804 1748 legatorum
825 1673 955 1740 consilio,
970 1694 1005 1730 ea
1018 1686 1148 1748 postu-15

145 1747 222 1819 lavit,
234 1761 265 1806 ut
279 1762 436 1824 appareret,
452 1751 479 1808 in
495 1752 626 1826 aequitate
651 1771 744 1809 rerum
769 1752 841 1827 plus,
863 1754 950 1826 quim
965 1753 993 1809 in
1015 1753 1111 1818 armis,

147 1828 244 1900 reponi
259 1829 328 1902 spei.
371 1829 543 1886 Potcstatem
557 1831 635 1886 enim
658 1831 848 1898 tribuniciam,
872 1831 1113 1904 provocationem·

145 1924 201 1977 que
215 1907 391 1980 repetebant,
405 1927 467 1982 qure
489 1921 555 1964 anta
577 1909 754 1966 decemviros
767 1920 878 1966 creatos
893 1909 998 1964 auxilia
1022 1909 1113 1982 plebis

146 1983 259 2042 fuerant
273 2005 280 2054 ;
301 1997 331 2043 et
344 2005 380 2042 ne
395 1986 442 2042 cui
458 1986 551 2044 fraudi
566 1998 650 2052 esset,
665 1987 796 2044 concisse
812 1987 915 2044 milites
930 1999 979 2044 aut
1000 1989 1112 2062 plebem

146 2061 181 2117 ad
196 2064 381 2138 repetendam
395 2083 444 2140 per
460 2065 651 2122 secessionem
666 2065 834 2123 libertatem.
878 2065 922 2121 De
936 2066 1148 2122 decemviro-ao

145 2159 207 2197 rum
223 2141 309 2198 modo
323 2143 463 2219 supplicio
478 2155 556 2201 atrox
572 2144 742 2218 postulatum
758 2143 818 2200 suit.
860 2142 936 2200 Dedi
951 2145 1113 2217 quippeeos

146 2237 258 2293 aequum
273 2223 439 2290 censebant,
455 2222 586 2296 vivosque
601 2221 661 2296 igni
675 2233 906 2280 concrematuros
921 2223 1112 2282 minabantur.

146 2297 246 2374 Legati
262 2299 297 2356 ad
312 2318 365 2356 ea:
399 2305 418 2339 “
428 2299 504 2360 Quae
519 2300 631 2356 consilii
647 2300 775 2372 suerunt,
795 2298 866 2356 adeo
883 2318 962 2373 equa
977 2301 1115 2373 postulas-

145 2377 220 2446 “tis,
240 2388 272 2434 ut
292 2378 365 2434 altro
386 2369 465 2436 vobis
493 2378 649 2436 deserenda
674 2375 802 2435 suerint:
836 2377 959 2434 libertati
980 2379 1058 2434 enim
1079 2400 1114 2436 ea

145 2456 304 2530 “praesidia
318 2456 422 2530 petitis,
437 2476 495 2513 non
509 2457 633 2514 licentiae
655 2458 691 2513 ad
716 2456 925 2532 impugnandos
939 2455 1017 2512 alios.
1059 2456 1150 2515 lraec

146 2538 275 2590 “vestrae
312 2537 403 2610 magis
433 2535 651 2610 ignoscendum,
685 2534 770 2609 quam
805 2534 1013 2609 indulgendum
1047 2549 1113 2605 est3

146 2615 165 2648 “
175 2614 279 2688 quippe
292 2613 341 2687 qui
355 2613 532 2670 crudelitatis
545 2615 611 2672 odio
632 2614 662 2670 in
676 2614 875 2670 crudelitatem
891 2613 981 2678 ruitis,
996 2625 1025 2670 et
1039 2613 1115 2688 priris

145 2695 266 2766 “paene,
280 2693 365 2766 quam
385 2692 437 2767 ipsi
452 2691 533 2748 liberi
554 2692 624 2757 sitis,
646 2693 786 2748 dominari
805 2693 863 2766 jam
888 2691 918 2747 in
939 2692 1116 2750 adversarios

147 2776 165 2806 “
179 2771 269 2832 vultis„
318 2771 512 2844 Nunquamne
532 2771 660 2845 quiescet
681 2771 781 2827 civitas
805 2782 901 2826 nostra
920 2771 1113 2844 axsupplioiis

147 2857 224 2906 “aut
245 2849 361 2906 Petrum
384 2849 412 2906 in
434 2849 545 2923 plebem
568 2849 743 2921 Romanam,
763 2859 816 2906 aut·
831 2847 921 2922 plebis
944 2848 972 2904 in
994 2847 1150 2906 Parrasia

42 2985 46 2993 ,
147 2935 166 2964 “
177 2929 267 2984 Scuto
287 2928 367 2984 vobis
387 2927 478 3002 magis
491 2928 575 3002 quim
596 2927 692 3002 gladio
705 2943 776 3002 opus
790 2939 841 2983 est.
884 2926 961 2983 Satis
975 2945 1115 3001 superque
1268 2937 1280 2952 '¹

82 3047 86 3054 -
147 3007 291 3062 “humilis
305 3017 357 3075 est,
373 3006 419 3080 qui
432 3006 495 3081 jure
511 3025 590 3080 aequo
605 3007 633 3062 in
655 3007 769 3064 civitate
785 3005 860 3071 vivit,
887 3024 942 3062 nec
965 3005 1116 3064 inferendo
1211 3063 1231 3072 ,,

147 3091 166 3122 “
176 3085 318 3158 injuriam,
335 3104 390 3142 nec
404 3085 548 3160 patiendo.
590 3084 696 3152 Etiam,
711 3085 734 3141 si
755 3085 870 3158 quando
884 3085 1053 3142 metuendos
1068 3103 1115 3140 vos

60 3207 82 3230 „
147 3163 320 3237 “praebituri
342 3164 419 3229 estis,
443 3181 540 3238 quum,
563 3163 738 3238 recuperatis
762 3162 973 3238 magistratibus
993 3161 1116 3236 legibus·

148 3246 231 3316 “que
246 3241 355 3310 vestris,
367 3241 477 3316 judicia
491 3261 580 3318 penes
600 3260 649 3298 vos
670 3252 753 3298 erunt
774 3241 810 3297 de
831 3241 925 3316 capite
945 3252 1042 3298 nostro
1064 3241 1151 3298 sor-³⁵

148 3320 328 3394 “tunisque3
363 3331 443 3387 tunc,
468 3332 498 3378 ut
518 3340 637 3396 quaeque
658 3339 746 3378 causa
766 3320 828 3391 erit,
850 3320 1003 3378 statuetis:
1037 3339 1116 3378 nunc

148 3399 336 3457 “libertatem
350 3399 439 3474 repeti
454 3399 607 3457 satisest'’
844 3395 848 3403 ’
932 3399 937 3417 ’
998 3400 1015 3414 ”

189 3555 269 3613 LIV.
305 3545 457 3628 Facerem,
472 3568 503 3614 ut
518 3556 632 3623 vellent,
654 3556 883 3632 permittentibus
904 3554 1028 3620 cunctis,
1051 3573 1114 3613 mox

150 3637 290 3694 redituros
304 3655 335 3692 se
350 3637 435 3711 legati
452 3637 536 3694 rebus
550 3637 683 3712 perlectis
697 3637 847 3692 affirmant.
890 3633 1012 3690 Profecti
1027 3653 1116 3713 quum

150 3717 285 3773 mandata
299 3716 390 3790 plebis
406 3715 536 3772 Patribus
560 3715 765 3788 exposuissent,
788 3713 834 3770 alii
850 3712 1013 3775 decemviri,
1028 3724 1152 3786 quan-ro

151 3796 312 3869 doqnidem,
329 3807 430 3869 praeter
445 3814 523 3868 spem
539 3795 673 3870 ipsorum,
695 3792 826 3866 supplicii
851 3793 894 3848 sui
918 3791 996 3848 nulla
1011 3792 1118 3848 mentio

1036 4005 1040 4014 r
1108 3973 1137 4004 «ἢ
1217 3963 1219 3970 Ι

232 4069 235 4076 .
310 4051 329 4084 Ι.

282 4082 313 4158 sp
346 4079 380 4120 ᾖ·
