2620 4220
139 333 201 400 m
545 327 731 384 nnsnn.

141 482 364 554 “tgaronturte
392 491 495 533 curare
516 473 633 532 decuit*
675 474 798 550 Majores
821 471 910 534 nostri
931 471 1049 547 nullam,
1066 491 1113 538 ne

80 549 87 562 '
140 557 304 632 “privatam
316 553 441 629 quidem,
456 571 517 610 rem
532 569 616 628 agere
628 552 763 610 staminas
783 552 854 612 sine'
872 565 999 622 auctore,
1014 556 1113 614 volue-

140 638 253 700 “runt3
274 633 304 688 in
318 651 406 688 manu
417 649 480 688 esse
494 632 652 707 parentiam,
666 631 792 702 fratrum,
816 632 949 690 virorum.
991 631 1056 692 Nos
1070 632 1111 710 (sl

139 711 232 767 “Diis
258 710 366 788 placet)
395 709 555 786 jametiam
576 706 780 786 rempublicam
802 723 953 786 capessere
974 729 1023 768 eas
1036 713 1111 787 pati·

139 793 240 860 “mttr,
254 799 283 846 et
297 788 358 846 foro
372 787 470 864 prope,
484 801 514 844 et
527 787 726 854 concionibus,
750 799 780 846 et
803 789 927 846 comitiis
941 789 1108 848 immisceri.
1130 801 1148 842 s

139 865 249 928 “Quid
263 867 341 922 enim
355 885 434 923 nunc
448 866 525 922 aliud
547 883 597 940 per
618 866 678 922 vias
701 877 731 922 et
750 866 876 941 compita
890 866 1008 938 faciunt,
1022 868 1110 943 quim

138 946 330 1021 “rogationes
353 944 531 1002 tribunorum
554 943 647 1018 plebis
663 945 801 1011 suadem,
821 943 888 1002 alite
909 945 1004 1020 legem
1027 946 1112 1004 abro-

139 1027 159 1062 ‘⁶
167 1024 291 1099 gandam
315 1022 461 1080 censenti
503 1019 579 1078 Date
599 1020 695 1079 frenos
714 1023 862 1097 impotenti
876 1033 993 1094 natura,
1015 1035 1045 1081 et
1058 1024 1112 1081 in-

139 1101 274 1159 “domito
294 1101 431 1168 animali3
452 1110 482 1157 et
496 1110 623 1174 sperate,
644 1101 720 1176 ipses
740 1100 857 1157 modum
878 1097 1004 1157 licentiae
1018 1101 1112 1160 fectu-

139 1184 222 1245 “ras‚
245 1179 300 1236 nisi
327 1197 376 1236 vos
397 1178 530 1235 faceritis.
594 1177 744 1234 Minimum
767 1179 822 1236 hoo
850 1197 949 1236 eorum
970 1191 1024 1250 est,
1044 1190 1147 1255 quaem

138 1261 158 1294 ‘⁴
168 1257 266 1332 iniquo
280 1257 376 1314 animo
390 1256 514 1314 l'oemine
528 1256 582 1313 sibi
594 1269 643 1313 aut
653 1257 781 1313 'moribus
790 1268 839 1314 aut
852 1257 964 1332 legibus
978 1258 1112 1334 injuncta

138 1337 324 1411 “patiuntur.
373 1334 513 1391 Omnium
537 1351 632 1390 rerum
657 1334 827 1401 libertatem,
852 1335 941 1392 immo
958 1335 1114 1394 licentiam

139 1418 158 1452 “
169 1414 207 1491 (si
222 1431 288 1470 tera
300 1413 397 1470 dicere
410 1413 565 1488 ‘volumusp
580 1410 753 1469 desiderant.
793 1409 876 1473 Quid
900 1410 988 1481 enlm,
1014 1414 1038 1471 si
1053 1415 1110 1473 hoc
1165 1463 1170 1474 .

139 1497 158 1530 ‘⁶
166 1491 400 1568 expugnaverint,
410 1509 473 1547 non
486 1490 662 1547 tentabuntl

178 1647 235 1704 111.
257 1653 276 1684 “
287 1645 452 1705 Recensete
464 1647 562 1704 omnia
575 1647 726 1704 muliebria
746 1647 820 1724 jura,
843 1648 947 1723 quibus
960 1648 1109 1707 licentiam
1120 1661 1147 1701 rs

138 1731 264 1783 “earum
279 1723 457 1801 alligaverint
470 1725 704 1800 majores‘nostri,
725 1743 776 1801 per
795 1745 915 1801 queque
934 1728 1111 1804 subjecerint

138 1809 158 1842 ‘⁴
168 1805 255 1861 viris:
276 1805 380 1879 quibus
392 1803 527 1861 omnibus
541 1804 709 1861 constrictas
724 1805 882 1861 via-tamen
897 1806 1045 1862 continere
1059 1825 1111 1881 po·

139 1887 158 1920 ‘⁶
166 1883 256 1941 testis.
309 1882 414 1944 Quid'l
448 1882 472 1939 si
492 1879 602 1972 capere
627 1882 750 1957 singula,
764 1893 793 1940 et
814 1893 990 1957 extorquere,
1011 1895 1041 1942 et
1061 1901 1110 1942 cx·

138 1961 272 2036 “equari
286 1962 322 2018 ad
336 1973 495 2019 extremum
511 1960 580 2017 vnis
598 1959 758 2035 patiemini,
778 1961 943 2018 tolerabiles
966 1962 1045 2019 tobis
1058 1981 1110 2020 eas

139 2040 227 2098 “fore
249 2040 386 2097 creditisl
424 2037 588 2114 Extemplo,
599 2039 683 2095 simul
700 2057 782 2113 pares
795 2057 866 2096 esse
890 2041 1039 2115 eruperint,
1061 2048 1146 2098 su-flt

139 2123 158 2155 “
167 2119 292 2194 perimes
305 2128 397 2176 erunt.
440 2120 480 2174 At
495 2117 638 2194 (Hercule
651 2115 673 2194 l)
695 2117 814 2192 nequid
838 2135 943 2186 novum
958 2118 988 2176 in
1002 2137 1052 2176 eas
1065 2139 1111 2178 ro-

139 2201 158 2234 “
167 2209 260 2273 getur,
275 2207 424 2254 recusant:
446 2214 504 2252 non
525 2195 581 2271 jus,
597 2195 646 2252 sed
662 2195 794 2270 injuriam
809 2197 1007 2272 deprecentur.
1050 2197 1109 2256 Irn-

138 2279 215 2332 “mo
229 2287 270 2346 ut,
283 2293 368 2348 quam
393 2275 555 2348 accepistis,
579 2273 704 2348 jussistis
725 2273 868 2350 suffragiis
889 2275 988 2332 vestris
1001 2275 1108 2352 legem,

138 2357 252 2426 “quam
267 2369 320 2408 usu
334 2362 375 2408 tot
395 2365 535 2408 annorum
556 2363 586 2407 et
606 2352 781 2426 experiendo
795 2353 1008 2428 comprobietis‚
1030 2355 1109 2413 banc

138 2435 197 2487 “ut
211 2429 372 2505 abnegetis:
399 2429 431 2486 id
444 2440 552 2500 est,·ut‚
568 2447 654 2490 unam
668 2430 794 2488 tollendo
807 2431 911 2507 legem,
926 2443 1044 2490 ceteras
1064 2433 1145 2490 in-as

138 2513 157 2545 “
167 2508 293 2565 firmetis.
334 2507 424 2565 Nulla
438 2508 485 2564 lex
500 2507 568 2564 satis
582 2509 733 2566 commoda
745 2510 879 2566 omnibus
892 2520 952 2566 est:
975 2511 1009 2567 ‘id
1023 2511 1109 2570 modi>

139 2587 310 2662 “queritur,
325 2587 349 2643 si
363 2585 461 2662 majori
475 2585 547 2662 parti
568 2587 640 2644 etin
655 2605 796 2644 summam
810 2588 933 2663 prodest.
976 2589 1018 2656 Si,
1032 2590 1109 2664 quod

138 2667 301 2742 “cuiquam
316 2666 446 2741 privatim
469 2665 576 2723 officiet
596 2665 653 2740 jus,
675 2665 704 2722 id
725 2666 852 2723 destruet
872 2685 907 2723 ac
928 2667 1107 2736 demolietur,

138 2748 157 2781 “
166 2746 233 2820 quid
248 2745 387 2802 attinebit
398 2745 545 2801 universos
563 2761 663 2819 rogare
684 2743 772 2819 leges,
797 2763 867 2818 ques
881 2763 947 2802 mor
960 2745 1108 2822 abrogare,

138 2823 196 2880 “in
211 2842 281 2899 quos
305 2823 369 2880 latre
390 2833 466 2889 sunt,
488 2823 618 2897 possintl
651 2821 724 2880 Volo
737 2833 833 2880 tamen
849 2823 956 2892 audire,
971 2825 1039 2898 quid
1060 2826 1143 2894 alt,³⁰

138 2903 279 2978 “propter
299 2901 373 2976 quod
394 2912 531 2957 matronoe
545 2911 736 2958 consternatae
757 2913 959 2982 procurrerunt
973 2902 1002 2958 in
1017 2905 1109 2978 publi·

138 2983 245 3052 “cum,
266 2999 300 3037 ac
322 2979 368 3036 vix
390 2979 450 3036 soro
466 2997 502 3035 se
522 2989 551 3035 et
572 2979 713 3035 concione
734 2980 887 3038 abstinent.
943 2981 982 3038 Ut
1002 2983 1108 3060 captivi

138 3062 157 3097 ‘¹
166 3059 203 3115 ab
225 3059 389 3116 Hannibale
410 3057 586 3114 redimantur
600 3068 741 3131 parentes,
756 3058 818 3126 viri,
841 3058 933 3131 liberi,
948 3059 1049 3117 fratres
1060 3079 1109 3118 ea·

138 3139 254 3194 “ruml
309 3137 412 3194 Procul
426 3137 517 3208 abest,
535 3135 674 3210 absitque·
689 3153 811 3212 semper,
836 3137 900 3194 talis
922 3137 1035 3196 fortuna
1054 3139 1109 3196 rei·

138 3220 157 3254 ‘⁴
166 3215 306 3292 publicael
345 3215 407 3271 'Sed
423 3226 529 3286 tamen,
543 3233 629 3288 quum
645 3211 707 3285 fuit,
729 3215 855 3291 negistis
876 3217 931 3274 boc
949 3217 1004 3291 piis
1017 3212 1144 3292 preci-³⁸

138 3295 220 3351 “bus
243 3311 351 3350 earum.
393 3293 433 3350 At
457 3311 514 3350 non
529 3294 620 3368 pietas
643 3311 698 3348 nec
724 3293 885 3351 sollicitudo
908 3296 1041 3368 proauis,
1056 3297 1108 3354 sed

138 3373 276 3506 “religio
304 3371 489 3462 congregavit
514 3389 572 3430 eas.
614 3369 738 3428 Matrem
757 3371 877 3437 ldaeam,
899 3391 916 3428 a
937 3373 1108 3431 Pessinunte

138 3457 217 3507 “er
243 3450 340 3526 hrygii
361 3461 535 3522 scatentem,
559 3460 720 3524 accepturae
734 3461 809 3506 sunt.
850 3448 932 3512 Quid
955 3451 1107 3512 honestum

139 3530 246 3586 “dictu
260 3529 361 3586 saltem
376 3527 510 3585 seditioni
524 3529 709 3602 praetenditur
722 3528 854 3586 muliebri
866 3531 878 3584 l
920 3529 978 3587 ‘Ut
985 3547 1064 3587 auro
1077 3539 1108 3587 et

139 3610 309 3683 “‘purpuri
323 3606 503 3682 fulgeamus‚'
517 3606 628 3679 inquit3
655 3614 707 3663 ‘ut
727 3606 881 3680 carpentis,
904 3607 982 3664 festis
1003 3609 1143 3683 proles-⁰

139 3691 158 3723 ⁸⁶
168 3687 279 3760 ‘lisque
293 3685 405 3756 diebus,
420 3684 497 3742 velut
522 3685 730 3758 triumphantes
754 3684 790 3741 de
804 3683 869 3760 lege
891 3686 965 3744 victa
983 3698 1013 3744 et
1026 3687 1108 3746 abro-

139 3769 158 3800 “
167 3767 176 3799 ‘
185 3764 263 3836 geli,
276 3773 306 3820 et
319 3763 411 3839 captis
424 3774 453 3820 et
466 3762 571 3837 ereptis
585 3761 726 3838 suffragiis
740 3763 850 3830 vestris,
864 3781 915 3838 per
928 3765 1029 3822 urbem
1042 3784 1108 3823 vec·

139 3843 295 3898 “‘temur:
315 3859 353 3898 ne
367 3841 441 3898 ullus
455 3841 557 3899 modus
570 3839 740 3914 sumptibus,
753 3858 794 3898 ne
804 3839 928 3900 luxurie
941 3841 997 3901 sit.’
