2620 4220
167 371 230 432 224
582 367 651 416 riri
669 365 754 416 mvn

169 531 243 572 mam
259 517 421 575 arcessant3
452 506 596 564 delectum
619 507 721 563 Rome
742 507 883 573 habeant3
913 505 1070 562 exercitum
1090 523 1139 562 ur·

169 589 274 646 benum
289 588 326 644 ad
340 585 479 643 Narniam
505 585 578 640 hosti
598 595 751 658 opponant.
794 583 867 639 llaec
888 584 1000 638 senatui
1019 583 1137 658 scripta.

168 665 311 723 Praemissi
327 665 393 721 item
407 680 570 738 peregrum
586 661 760 728 Larinatem,
784 660 992 730 Marrucinum,
1016 659 1140 716 Frenta-

168 763 249 810 num,
265 742 479 807 Praetutianum,
493 743 548 814 qua
561 739 718 796 exercitum
740 740 878 795 ducturus
898 748 969 804 erat,
980 749 1022 818 ,ul
1035 752 1139 794 omnes

168 840 204 878 err
218 821 294 895 agris
308 820 481 892 urbibusque
495 828 671 874 commeatus
684 827 794 890 paratos
813 813 895 872 militi
910 816 945 870 ad
961 816 1138 871 vescendum
1161 828 1176 866 a

169 899 199 956 in
215 899 290 954 viam
314 897 466 964 deferrent,
488 913 576 967 equos
600 894 785 968 jumentaque
807 893 863 949 alia
883 893 1082 967 producerent,
1107 902 1140 948 ut

169 975 364 1032 vehiculorum
380 973 460 1028 sessis
481 971 564 1046 copia
584 983 667 1027 esset.
709 971 775 1046 Ipse
789 971 825 1026 de
845 981 904 1028 toto
924 970 1053 1026 exercitu
1067 970 1140 1025 civi·

170 1071 219 1110 um
234 1053 440 1124 sociorumque,
454 1049 528 1123 quod
544 1049 652 1106 roboris
665 1059 735 1119 erat,
759 1049 875 1122 delegit,
890 1066 940 1104 sex
955 1047 1044 1103 millia
1057 1047 1139 1121 pedi·

152 1141 241 1200 -tum,
268 1129 345 1185 mille
374 1128 504 1200 equites:
539 1127 710 1201 pronuntiat,
737 1145 879 1200 occupare
906 1143 936 1180 se
958 1125 986 1180 in
1010 1123 1139 1181 Lucanis

169 1207 327 1282 proximam
342 1205 441 1261 urbem
456 1204 654 1277 Punicumque
669 1204 696 1260 in
712 1205 745 1259 ea
759 1203 921 1278 praesidium
937 1202 1025 1270 relle;
1054 1214 1087 1259 ut
1101 1203 1138 1258 ad
1150 1214 1175 1252 10

170 1285 224 1342 iter
237 1283 326 1360 parati
339 1301 439 1339 omnes
453 1292 557 1338 essent.
589 1281 737 1337 Profectus
751 1291 835 1337 nocte
849 1280 927 1338 flexit
941 1281 970 1336 in
986 1280 1138 1337 Picenum.

171 1362 210 1419 Et
233 1361 333 1419 consul
354 1361 477 1434 quidem,
498 1359 612 1432 quantis
633 1354 764 1414 menimis
790 1357 939 1414 itineribus
960 1369 1077 1433 poterat,
1100 1359 1138 1414 ad

171 1440 311 1515 collegam
332 1437 464 1508 ducebat,
487 1437 587 1494 relicto
608 1435 649 1496 Q·
665 1436 748 1493 Catio
761 1435 865 1511 legato,
879 1435 927 1510 qui
948 1436 1048 1492 castris
1068 1455 1139 1511 prae·

172 1527 256 1574 esset.

211 1670 321 1728 XLIV.
343 1669 446 1727 Romae
460 1671 536 1727 haud
547 1670 642 1727 minus
652 1669 767 1728 terroris
781 1689 816 1726 ac
826 1670 1041 1742 tumulroserar,
1050 1668 1137 1744 qudm
1149 1683 1175 1723 15

174 1748 266 1805 suerat
281 1748 397 1804 biennio
410 1748 487 1815 ante,
511 1767 600 1822 quum
624 1759 718 1805 castra
733 1748 843 1804 Punica
861 1749 975 1824 objecta
995 1747 1139 1806 Romanis

171 1826 314 1883 moenibus
328 1825 469 1901 portisque
494 1826 623 1884 fuerant:
655 1845 747 1899 neque
771 1826 839 1882 satis
860 1825 1009 1882 constabat
1023 1827 1137 1893 artimis,

171 1916 230 1962 tam
255 1905 347 1961 audax
362 1903 414 1960 iter
427 1904 554 1960 consulis
566 1903 715 1961 laudarent
730 1903 968 1978 vituperarentne.
1009 1905 1139 1980 Appare-

172 1983 221 2040 bat
248 1981 318 2060 (quo
342 1981 412 2038 nihil
438 1980 562 2055 iniquius
575 1984 631 2060 est)
657 2000 692 2038 ex
713 1996 816 2043 eventu
839 1981 942 2038 samam
964 1982 1137 2039 habitururn.

173 2070 193 2098 “
204 2059 304 2118 Castra
315 2077 400 2135 prope
425 2059 618 2116 Hannibalem
641 2060 751 2116 hostem
765 2058 865 2115 relicta
888 2059 950 2116 sine
971 2060 1054 2130 duce,
1070 2056 1136 2117 cum
1147 2071 1174 2111 st

173 2148 193 2176 ‘⁶
202 2139 340 2205 exercitu,
361 2137 409 2194 cui
436 2137 596 2194 detractum
619 2137 689 2194 soret
711 2155 806 2207 omne,
827 2138 902 2211 quod
923 2138 1041 2209 roboris,
1061 2140 1138 2212 quod

173 2215 278 2272 “floris
292 2215 396 2283 suerit3
416 2225 445 2271 et
453 2215 601 2272 consulem
616 2215 645 2272 in
659 2215 793 2272 Lucanos
801 2215 958 2272 ostendisse
974 2215 1035 2287 iter,
1049 2235 1137 2290 quum

174 2293 343 2350 “Picenum
367 2305 396 2348 et
421 2293 544 2348 Galliam
571 2303 687 2367 peteret,
716 2304 809 2350 castra
829 2293 1036 2366 relinquentem
1059 2295 1139 2351 nuda

173 2369 253 2425 “alia
270 2389 300 2424 re
314 2369 426 2440 tutiora,
440 2369 524 2442 qudm
546 2387 639 2426 errore
663 2370 759 2441 hostis,
781 2370 828 2445 qui
853 2371 957 2428 ducem
972 2371 1039 2428 inde
1053 2382 1138 2446 atque

172 2457 191 2484 ‘⁶
201 2445 344 2519 exercitus
357 2456 465 2519 partem
489 2446 588 2502 abesse
610 2447 762 2522 ignoraret.
802 2448 885 2509 Quid
910 2449 1045 2520 futurum,
1070 2451 1093 2506 si
1110 2451 1174 2507 id&

172 2523 294 2599 “paldm
309 2522 380 2580 liatl
402 2534 431 2580 et
445 2533 493 2583 aut
508 2524 618 2599 insequi
633 2526 791 2593 Neronem,
813 2543 878 2583 oum
894 2546 944 2583 sox
957 2527 1082 2583 millibus
1096 2547 1139 2584 ar-

173 2611 341 2659 “matorum
355 2601 524 2677 profectum,
540 2602 686 2660 Hannibal
709 2615 767 2661 toto
781 2605 909 2661 exercitu
924 2605 999 2675 velit,
1014 2616 1064 2662 aut
1077 2624 1139 2662 cas·

172 2689 244 2738 “tra
270 2679 414 2752 invadere,
440 2681 543 2754 praedae
570 2681 678 2747 relicta,
704 2683 766 2738 sine
790 2683 906 2755 viribus,
926 2683 988 2739 sine
1010 2683 1138 2757 imperio,

173 2759 263 2816 “sine
277 2758 457 2833 auspiciol”
496 2759 617 2816 Veteres
630 2761 692 2834 ejus
716 2761 782 2816 belli
807 2761 914 2828 clades,
935 2761 993 2818 duo
1006 2761 1140 2818 consules

170 2837 299 2913 proximo
313 2855 389 2894 anno
402 2836 555 2909 interfecti,
570 2838 733 2896 terrebant:
756 2849 774 2874 “
786 2839 824 2896 Et
834 2857 869 2895 ea
879 2840 976 2895 omnia
987 2839 1138 2912 accidisse,
1148 2847 1174 2888 ³⁰

173 2926 288 2992 “quum
312 2932 385 2970 uuus
412 2915 573 2989 imperator,
599 2935 673 2972 unus
694 2915 837 2973 exercitiis
858 2917 980 2974 hostium
1003 2917 1032 2972 in
1047 2916 1140 2974 'Italia

172 3004 295 3052 “esset:
317 3011 396 3048 nunc
410 2992 467 3049 duo
489 2992 562 3048 bella
577 2993 687 3050 Punica
708 2995 792 3061 sacta,
808 2995 880 3052 duos
904 2995 1036 3071 ingentes
1060 3014 1140 3052 exer·

173 3073 285 3142 “oitus,
312 3072 384 3128 duos
405 3070 489 3146 prope
512 3070 691 3129 Hannibales
712 3073 741 3130 in
764 3072 848 3130 Italia
869 3092 951 3130 esse:
985 3074 1089 3148 quippe
1109 3085 1140 3131 et

173 3157 192 3186 ‘¹
202 3149 422 3220 Hasdrubalem,
436 3161 515 3224 patre
528 3149 629 3206 eodem
645 3151 808 3208 Hamilcare
832 3152 971 3228 genitum,
986 3152 1065 3226 teque
1087 3152 1140 3208 im-

174 3226 314 3302 “pigrum
328 3227 431 3282 ducem
446 3245 496 3302 per
514 3237 555 3285 tot
569 3227 598 3284 in
623 3225 764 3304 Hispania
788 3247 880 3288 annos
904 3227 1038 3287 Romano
1059 3239 1175 3288 exer-³⁶

174 3305 320 3362 “citatum
335 3303 418 3370 bello,
433 3305 548 3380 gemina
563 3306 678 3364 victoria
702 3307 856 3383 insignem,
881 3309 992 3365 duobus
1006 3309 1140 3367 exerciti·

174 3383 256 3439 “bus
270 3399 336 3438 cum
351 3381 516 3440 clarissimis
529 3385 652 3441 ducibus
664 3385 775 3442 deletis.
807 3385 884 3443 Nam
899 3387 1009 3444 itineris
1022 3387 1140 3462 quidem
1210 3455 1214 3462 ⁴

174 3470 194 3498 “
203 3460 348 3518 celeritate
361 3479 398 3516 ex
412 3459 563 3535 Hispania,
577 3473 606 3520 et
619 3459 769 3521 concita‘tis
790 3465 825 3521 ad
847 3483 925 3522 arma
939 3464 1058 3522 Gallicis
1070 3483 1141 3540 gen-

175 3549 193 3578 “
203 3537 288 3610 tibus,
304 3535 506 3616 multis-magis,
523 3542 611 3614 quam
628 3542 820 3600 Hannibalem
836 3543 939 3618 ipsum,
948 3543 1063 3618 gloriari
1077 3563 1141 3619 pos-

174 3625 253 3674 “se:
281 3616 385 3692 quippe
399 3617 428 3674 in
453 3615 488 3673 iis
508 3617 578 3674 locis
594 3619 671 3676 buno
694 3621 823 3696 co'e'gisse
846 3623 1013 3693 exercitum,
1035 3621 1175 3696 quibuso

174 3696 250 3752 “ille
264 3695 400 3772 majorem
413 3705 521 3769 partem
537 3695 657 3754 militum
682 3697 756 3754 same
777 3717 812 3755 ac
826 3698 940 3774 frigore,
964 3719 1026 3774 quae
1041 3700 1141 3757 miser-

175 3773 276 3830 “rima
296 3773 393 3831 mortis
405 3788 512 3848 genera
535 3783 609 3841 sunt,
634 3775 802 3832 amisisset.”
845 3777 1030 3853 Adjiciebant
1051 3778 1141 3836 etiam
