2630 4228
527 325 632 376 LIBER
648 325 678 375 V.
699 323 761 376 car.
772 340 853 376 xxxv.
1104 331 1161 398 117

190 468 237 528 vra
259 467 349 544 (quod
373 467 487 543 quidem
513 461 823 526 continens'memcria
843 467 890 540 sit,
902 437 959 525 nisi
971 467 1009 525 de
1030 467 1160 528 Hercule

191 548 295 604 sabulis
319 548 440 604 credere
467 547 549 626 libet)
572 558 727 622 superatas.
792 547 837 604 lbi
858 566 945 621 quum
968 547 1044 604 velut
1064 559 1160 622 septos

191 627 329 682 montium
345 625 464 684 altitudo
477 637 588 682 teneret
600 626 707 690 Gallos,
730 625 1068 700 circumspectarentque,
1089 626 1160 700 qual-

190 723 257 760 nam
270 723 321 779 per
332 703 433 779 juncta
446 703 520 762 coelo
530 704 601 780 juga
621 703 650 760 in
675 704 762 760 alium
782 703 880 760 orbern
900 714 1040 760 terrarum
1056 705 1159 761 transi·

168 794 265 855 erent,
286 781 386 858 religio
407 783 493 840 etiam
507 783 610 849 tenuit,
634 783 709 856 quod
724 782 839 840 allatum
860 793 914 848 est,
936 783 1061 839 advenas
1081 801 1158 856 quae·

189 872 285 917 rentes
306 879 406 936 agrurn
427 862 464 917 ab
485 861 601 935 Salyum
629 872 716 936 gente
736 861 904 936 oppugnari.
961 859 1158 918 Massilienses

190 950 271 996 erant
285 939 325 1006 hi,
340 939 461 996 naribus
474 959 491 995 a
504 938 627 996 Phocaea
648 938 776 1014 profecti.
818 937 853 995 ld
867 937 943 995 Galli
956 938 1078 1014 fortuna
1099 957 1158 996 suaa

188 1035 274 1074 omen
296 1017 360 1090 rati,
381 1017 525 1093 adjuvere,
555 1028 595 1088 ut,
623 1036 708 1092 quem
730 1018 852 1092 primurn
873 1017 903 1074 io
924 1027 1029 1074 terram
1050 1018 1159 1092 egressi

188 1106 409 1169 occupaverant,
431 1097 525 1162 locum
550 1095 713 1170 patentibus
735 1095 813 1152 silvis
835 1095 1056 1152 communirent.
1098 1095 1158 1171 Ipsi

155 1187 181 1226 rc
190 1193 240 1247 per
255 1174 401 1230 Taurinos
414 1174 558 1248 saltusque
572 1174 663 1230 invios
683 1174 772 1248 Alpes
785 1174 1044 1231 transcenderunt:
1077 1173 1159 1230 fusis·

189 1271 245 1325 quc
259 1253 322 1308 acie
336 1251 444 1310 Tuscis
458 1253 534 1308 haud
557 1252 656 1326 procul
675 1251 783 1308 Ticino
797 1251 924 1322 flumine,
938 1271 1036 1326 quum,
1058 1252 1087 1309 in
1102 1271 1158 1328 quo

189 1331 389 1396 consederant,
412 1349 512 1406 agrum
538 1329 703 1387 Insubrium
724 1329 859 1404 appellari
883 1329 1039 1397 audissent,
1054 1349 1159 1406 cogno·

190 1408 267 1464 mina
299 1407 468 1466 Insubribus
495 1425 569 1483 pago
597 1408 780 1478 AEduorum;
815 1409 863 1478 ibi,
891 1427 977 1466 omen
1006 1421 1158 1483 sequentes

190 1485 255 1556 loci,
271 1485 428 1544 condidere
442 1486 561 1543 orbern:
580 1485 778 1545 Mediolanum
792 1486 977 1562 appellarunt.

155 1659 180 1700 1⁵
229 1643 359 1703 XXXV.
393 1645 461 1703 Alia
488 1645 610 1716 subinde
636 1664 737 1702 manus
764 1645 1006 1713 Cenomanorum,
1034 1645 1158 1704 Elitovic

187 1723 273 1794 duce,
289 1724 407 1800 vestigia
422 1725 545 1798 priorum
560 1735 671 1796 secuta,
685 1725 786 1781 eodem
803 1725 885 1794 saltu,
901 1725 1013 1780 favente
1029 1725 1158 1782 Bellove-

188 1819 230 1870 so,
244 1821 331 1876 quum
346 1803 570 1860 transcendisset
588 1802 687 1877 Alpes,
712 1802 761 1858 ubi
782 1821 862 1860 nunc
877 1801 972 1859 Brixia
986 1820 1020 1858 ac
1041 1802 1158 1860 Verona

188 1879 275 1936 urbes
288 1891 355 1938 sunt
370 1881 462 1954 (locos
476 1879 596 1937 tenuere
610 1880 720 1958 Libui),
745 1881 908 1937 considunt.
950 1880 1017 1937 Post
1031 1881 1082 1938 bos
1096 1881 1157 1937 Sal-

188 1957 267 2024 luvii,
283 1977 369 2034 prope
381 1959 527 2033 antiquam
541 1969 657 2034 gentem
673 1959 772 2015 Laevos
784 1957 914 2034 Ligures,
931 1957 1090 2014 incolentes
1103 1959 1158 2014 cir·

152 2049 224 2094 acca
245 2037 384 2094 Ticinum
405 2055 528 2094 amnem.
591 2035 702 2094 Penino
729 2036 834 2092 deinde
863 2035 925 2094 Boii
955 2037 1157 2110 Lingonesque

188 2117 369 2190 transgressi,
383 2133 470 2190 quum
482 2115 541 2190 jam
556 2115 630 2172 inter
644 2115 753 2171 Padurn
766 2126 850 2188 atque
865 2114 954 2189 Alpes
967 2114 1064 2171 omnia
1078 2129 1157 2170 tene·

188 2205 296 2263 rentur,
312 2193 390 2250 Pado
403 2194 511 2250 ratibus
524 2193 652 2269 trajecto,
667 2211 725 2249 non
739 2193 877 2250 Etruscos
894 2192 989 2257 modb,
1004 2193 1054 2248 sed
1069 2193 1157 2250 etiam

187 2270 319 2342 Umbros,
334 2291 402 2351 agro
416 2271 544 2346 pellunt:
579 2271 653 2328 intra
675 2271 861 2346 Apenninum
886 2281 982 2328 tamen
997 2288 1060 2328 sese
1075 2282 1156 2327 tenu-

188 2347 246 2406 ere.
288 2349 372 2406 Tum'
395 2351 531 2418 Senones,
560 2349 960 2416 recentissrmiadvenarum,
985 2349 1022 2405 ab
1050 2348 1155 2405 Utente

152 2427 310 2485 abdomine
320 2447 409 2503 usque
423 2429 459 2484 ad
481 2428 574 2484 AEsim
589 2428 660 2484 fines
675 2429 808 2484 habuere.
851 2427 937 2484 Hanc
955 2438 1071 2503 gentem
1087 2427 1156 2484 Clu-

187 2507 272 2577 sium,
287 2508 468 2581 Romamque
483 2507 560 2573 inde,
575 2505 866 2580 venissecomperio:
888 2507 917 2562 id
930 2525 1030 2580 parum
1045 2517 1155 2562 certum

187 2595 240 2656 est,
255 2586 392 2661 solamne,
408 2605 445 2642 an
459 2585 496 2640 ab
509 2585 643 2641 omnibus
658 2585 868 2659 Cisalpinorum
883 2583 1030 2640 Gallorum
1044 2583 1155 2657 populis

187 2663 327 2738 adjutam.¹
366 2663 489 2728 Clusini,
504 2681 577 2720 novo
591 2663 666 2720 bello
679 2663 814 2731 exterriti,
829 2681 917 2736 quum
933 2661 1155 2729 multitudinem,

186 2759 273 2814 quum
289 2743 392 2800 formas
407 2741 554 2798 hominum
570 2741 727 2798 invisitatas
740 2751 901 2809 cernerent,
915 2749 945 2796 et
957 2757 1050 2814 genus
1065 2757 1155 2795 armo·

186 2839 270 2886 ruma
301 2821 498 2894 audirentque,
513 2833 588 2895 saepe
608 2821 645 2876 ab
665 2820 710 2886 iis,
725 2819 768 2874 cis
782 2817 891 2874 Padum
907 2817 1045 2891 ultraque,
1066 2816 1155 2892 legio·

151 2913 178 2953 ac
187 2917 238 2956 nes
252 2899 437 2956 Etruscorum
453 2899 538 2970 fusas,
552 2915 722 2972 quamquam
732 2897 867 2954 adversus
882 2897 1030 2953 Romanos
1043 2893 1154 2952 nullum

185 2977 228 3034 eis
242 2977 289 3052 jus
310 2977 453 3035 societatis
477 2976 645 3033 arnicitiaeve
667 2985 738 3042 erat,
759 2975 815 3032 nisi
835 2974 912 3049 quod
936 2973 1071 3050 Vejentes
1085 2991 1154 3029 con·

185 3056 359 3130 sanguineos
379 3057 514 3112 adversus
535 3055 669 3130 populum
691 3055 856 3111 Romanum
871 3072 928 3110 non
947 3051 1152 3123 defendissent,

185 3132 293 3208 legatos
314 3135 449 3205 Romam,
470 3134 518 3207 qni
543 3133 681 3190 auxilium
705 3140 742 3188 ab
762 3143 863 3188 senatu
885 3141 1025 3206 peterent,
1040 3130 1152 3188 misere.

185 3210 232 3280 De
246 3213 351 3270 auxilio
364 3213 435 3270 nihil
449 3212 651 3286 impetratum:
682 3211 768 3286 legati
783 3221 849 3276 tres,
866 3211 903 3265 nt.
920 3209 1002 3266 Fabii
1017 3209 1153 3266 Ambusti

150 3289 246 3357 attii,
262 3291 350 3363 missi,
371 3291 419 3366 qui
443 3292 557 3346 senatds
577 3289 729 3365 populique
750 3287 876 3345 Romani
897 3288 1013 3346 nomine
1035 3299 1154 3363 agerent

185 3387 253 3426 curn
274 3369 374 3436 Gallis,
389 3388 435 3436 ne,
458 3387 475 3425 a
498 3369 601 3442 quibus
616 3368 722 3424 nullam
747 3366 879 3442 injuriam
900 3366 1089 3442 accepissent,
1109 3385 1154 3423 so-

186 3447 246 3504 cios
261 3449 356 3523 populi
372 3447 497 3504 Romani
522 3458 606 3521 atque
631 3445 739 3503 amicos
762 3456 969 3522 oppugnarent.
1011 3444 1154 3501 Romanis

185 3545 235 3581 eos
249 3527 323 3582 bello
344 3523 464 3600 quoque,
488 3525 512 3582 si
538 3545 583 3582 res
606 3535 700 3600 cogat,
722 3525 844 3581 tuendos
867 3541 950 3581 esse:
985 3523 1034 3579 sed
1050 3523 1152 3579 melius

186 3604 288 3668 visum,
305 3604 408 3661 bellurn
424 3605 517 3679 ipsum
542 3603 675 3670 amoveri,
701 3603 724 3658 si
739 3613 854 3677 posset;
886 3613 915 3659 ct
928 3601 1035 3669 Gallos,
1050 3617 1152 3656 noram

152 3693 314 3760 tegentem,
327 3701 398 3760 pace
409 3683 502 3759 potiris
514 3683 660 3759 cognosci,
676 3680 762 3757 quam
776 3681 869 3738 armis.
