<?xml version="1.0" encoding="UTF-8"?>
<!DOCTYPE html PUBLIC "-//W3C//DTD XHTML 1.0 Transitional//EN"
    "http://www.w3.org/TR/xhtml1/DTD/xhtml1-transitional.dtd">
<html xmlns="http://www.w3.org/1999/xhtml" xml:lang="en" lang="en">
 <head>
  <title>
</title>
<meta http-equiv="Content-Type" content="text/html;charset=utf-8" />
  <meta name='ocr-system' content='tesseract 3.04.00' />
  <meta name='ocr-capabilities' content='ocr_page ocr_carea ocr_par ocr_line ocrx_word'/>
</head>
<body>
  <div class='ocr_page' id='page_1' title='image "./historiarumetse01livygoog_0248.png"; bbox 0 0 2620 4220; ppageno 0'>
   <div class='ocr_carea' id='block_1_1' title="bbox 525 326 1171 408">
    <p class='ocr_par' dir='ltr' id='par_1_1' title="bbox 525 326 1171 408">
     <span class='ocr_line' id='line_1_1' title="bbox 525 326 1171 408; baseline 0 -28"><span class='ocrx_word' id='word_1_1' title='bbox 525 326 630 380; x_wconf 85' lang='grc' dir='ltr'><strong>ιιιιιι</strong></span> <span class='ocrx_word' id='word_1_2' title='bbox 644 329 736 408; x_wconf 71' lang='lat' dir='ltr'>xxrc·</span> <span class='ocrx_word' id='word_1_3' title='bbox 756 341 817 380; x_wconf 74' lang='grc' dir='ltr'><strong>ιιι».</strong></span> <span class='ocrx_word' id='word_1_4' title='bbox 829 342 889 380; x_wconf 72' lang='lat' dir='ltr'>ux.</span> <span class='ocrx_word' id='word_1_5' title='bbox 1110 332 1171 394; x_wconf 59' lang='grc' dir='ltr'>ιιι</span> 
     </span>
    </p>
   </div>
   <div class='ocr_carea' id='block_1_2' title="bbox 114 471 1175 3820">
    <p class='ocr_par' dir='ltr' id='par_1_2' title="bbox 114 471 1175 3820">
     <span class='ocr_line' id='line_1_2' title="bbox 212 471 1170 550; baseline 0.002 -20"><span class='ocrx_word' id='word_1_6' title='bbox 212 471 326 548; x_wconf 76' lang='lat' dir='ltr'>“prope</span> <span class='ocrx_word' id='word_1_7' title='bbox 341 491 376 550; x_wconf 80' lang='lat' dir='ltr'>ae</span> <span class='ocrx_word' id='word_1_8' title='bbox 389 471 532 530; x_wconf 73' lang='lat' dir='ltr'>maenibus</span> <span class='ocrx_word' id='word_1_9' title='bbox 545 472 628 547; x_wconf 84' lang='lat' dir='ltr'>signa</span> <span class='ocrx_word' id='word_1_10' title='bbox 642 487 775 547; x_wconf 86' lang='lat' dir='ltr'>armaque</span> <span class='ocrx_word' id='word_1_11' title='bbox 796 471 919 530; x_wconf 89' lang='lat' dir='ltr'>hostium</span> <span class='ocrx_word' id='word_1_12' title='bbox 933 471 1050 544; x_wconf 80' lang='lat' dir='ltr'>vidistis,</span> <span class='ocrx_word' id='word_1_13' title='bbox 1074 483 1104 532; x_wconf 88' lang='lat' dir='ltr'>et</span> <span class='ocrx_word' id='word_1_14' title='bbox 1117 493 1170 532; x_wconf 89' lang='lat' dir='ltr'>nos</span> 
     </span>
     <span class='ocr_line' id='line_1_3' title="bbox 210 550 1170 640; baseline 0.003 -32"><span class='ocrx_word' id='word_1_15' title='bbox 210 551 275 608; x_wconf 87' lang='lat' dir='ltr'>“ab</span> <span class='ocrx_word' id='word_1_16' title='bbox 296 551 471 640; x_wconf 81' lang='lat' dir='ltr'>Carthagine</span> <span class='ocrx_word' id='word_1_17' title='bbox 492 550 634 608; x_wconf 87' lang='lat' dir='ltr'>fremitum</span> <span class='ocrx_word' id='word_1_18' title='bbox 658 561 815 608; x_wconf 87' lang='lat' dir='ltr'>castrorum</span> <span class='ocrx_word' id='word_1_19' title='bbox 836 551 1033 608; x_wconf 85' lang='lat' dir='ltr'>Romanorum</span> <span class='ocrx_word' id='word_1_20' title='bbox 1053 552 1170 610; x_wconf 83' lang='lat' dir='ltr'>exaudi·</span> 
     </span>
     <span class='ocr_line' id='line_1_4' title="bbox 210 627 1170 703; baseline 0.001 -18"><span class='ocrx_word' id='word_1_21' title='bbox 210 637 311 686; x_wconf 86' lang='lat' dir='ltr'>“mus.</span> <span class='ocrx_word' id='word_1_22' title='bbox 351 628 440 690; x_wconf 77' lang='lat' dir='ltr'>Quod</span> <span class='ocrx_word' id='word_1_23' title='bbox 462 627 547 703; x_wconf 80' lang='lat' dir='ltr'>igitur</span> <span class='ocrx_word' id='word_1_24' title='bbox 561 647 613 684; x_wconf 89' lang='lat' dir='ltr'>nos</span> <span class='ocrx_word' id='word_1_25' title='bbox 634 628 756 684; x_wconf 73' lang='lat' dir='ltr'>maxime</span> <span class='ocrx_word' id='word_1_26' title='bbox 778 627 1013 699; x_wconf 76' lang='lat' dir='ltr'>abominaremur,</span> <span class='ocrx_word' id='word_1_27' title='bbox 1035 647 1084 686; x_wconf 87' lang='lat' dir='ltr'>ros</span> <span class='ocrx_word' id='word_1_28' title='bbox 1104 640 1170 686; x_wconf 87' lang='lat' dir='ltr'>ante</span> 
     </span>
     <span class='ocr_line' id='line_1_5' title="bbox 211 704 1169 796; baseline 0.002 -34"><span class='ocrx_word' id='word_1_29' title='bbox 211 715 230 742; x_wconf 78' lang='lat'>‘⁶</span> <span class='ocrx_word' id='word_1_30' title='bbox 239 707 336 764; x_wconf 90' lang='lat' dir='ltr'>omnia</span> <span class='ocrx_word' id='word_1_31' title='bbox 348 707 492 796; x_wconf 76' lang='lat' dir='ltr'><strong>optaretis,</strong></span> <span class='ocrx_word' id='word_1_32' title='bbox 512 704 542 762; x_wconf 89' lang='lat' dir='ltr'>in</span> <span class='ocrx_word' id='word_1_33' title='bbox 557 705 672 762; x_wconf 92' lang='lat' dir='ltr'>meliore</span> <span class='ocrx_word' id='word_1_34' title='bbox 687 706 780 762; x_wconf 75' lang='lat' dir='ltr'>vestri</span> <span class='ocrx_word' id='word_1_35' title='bbox 794 705 906 762; x_wconf 69' lang='lat' dir='ltr'>fortuna</span> <span class='ocrx_word' id='word_1_36' title='bbox 920 705 956 762; x_wconf 91' lang='lat' dir='ltr'>de</span> <span class='ocrx_word' id='word_1_37' title='bbox 969 723 1040 780; x_wconf 87' lang='lat' dir='ltr'>pace</span> <span class='ocrx_word' id='word_1_38' title='bbox 1054 707 1169 782; x_wconf 84' lang='lat' dir='ltr'>agitur:</span> 
     </span>
     <span class='ocr_line' id='line_1_6' title="bbox 187 781 1170 860; baseline 0.003 -22"><span class='ocrx_word' id='word_1_39' title='bbox 187 792 230 838; x_wconf 62' lang='grc' dir='ltr'>ιι*</span> <span class='ocrx_word' id='word_1_40' title='bbox 240 785 350 860; x_wconf 80' lang='lat' dir='ltr'>agimus</span> <span class='ocrx_word' id='word_1_41' title='bbox 364 785 393 854; x_wconf 86' lang='lat' dir='ltr'>ii,</span> <span class='ocrx_word' id='word_1_42' title='bbox 407 803 526 860; x_wconf 90' lang='lat' dir='ltr'>quorum</span> <span class='ocrx_word' id='word_1_43' title='bbox 540 794 569 840; x_wconf 88' lang='lat' dir='ltr'>et</span> <span class='ocrx_word' id='word_1_44' title='bbox 583 781 706 842; x_wconf 75' lang='lat' dir='ltr'>maxime</span> <span class='ocrx_word' id='word_1_45' title='bbox 732 783 849 840; x_wconf 88' lang='lat' dir='ltr'>interest</span> <span class='ocrx_word' id='word_1_46' title='bbox 873 801 974 858; x_wconf 88' lang='lat' dir='ltr'>pacem</span> <span class='ocrx_word' id='word_1_47' title='bbox 987 802 1059 851; x_wconf 88' lang='lat' dir='ltr'>esse,</span> <span class='ocrx_word' id='word_1_48' title='bbox 1073 795 1103 842; x_wconf 87' lang='lat' dir='ltr'>et</span> <span class='ocrx_word' id='word_1_49' title='bbox 1122 783 1170 858; x_wconf 89' lang='lat' dir='ltr'>qui</span> 
     </span>
     <span class='ocr_line' id='line_1_7' title="bbox 211 861 1171 937; baseline 0 -19"><span class='ocrx_word' id='word_1_50' title='bbox 211 863 437 951; x_wconf 78' lang='lat' dir='ltr'>“quodcumque</span> <span class='ocrx_word' id='word_1_51' title='bbox 462 861 615 937; x_wconf 84' lang='lat' dir='ltr'>egerimus,</span> <span class='ocrx_word' id='word_1_52' title='bbox 640 873 731 918; x_wconf 86' lang='lat' dir='ltr'>ratum</span> <span class='ocrx_word' id='word_1_53' title='bbox 758 861 887 918; x_wconf 87' lang='lat' dir='ltr'>civitates</span> <span class='ocrx_word' id='word_1_54' title='bbox 911 871 1012 918; x_wconf 80' lang='lat' dir='ltr'>nostrae</span> <span class='ocrx_word' id='word_1_55' title='bbox 1033 862 1171 918; x_wconf 81' lang='lat' dir='ltr'>habiturae</span> 
     </span>
     <span class='ocr_line' id='line_1_8' title="bbox 209 938 1172 1014; baseline 0.001 -19"><span class='ocrx_word' id='word_1_56' title='bbox 209 948 229 976; x_wconf 84' lang='lat'>“</span> <span class='ocrx_word' id='word_1_57' title='bbox 238 940 304 996; x_wconf 85' lang='lat' dir='ltr'>sint.</span> <span class='ocrx_word' id='word_1_58' title='bbox 345 941 453 997; x_wconf 90' lang='lat' dir='ltr'>Animo</span> <span class='ocrx_word' id='word_1_59' title='bbox 467 938 575 996; x_wconf 81' lang='lat' dir='ltr'>tantdm</span> <span class='ocrx_word' id='word_1_60' title='bbox 590 938 672 996; x_wconf 91' lang='lat' dir='ltr'>nobis</span> <span class='ocrx_word' id='word_1_61' title='bbox 685 957 756 1013; x_wconf 91' lang='lat' dir='ltr'>opus</span> <span class='ocrx_word' id='word_1_62' title='bbox 769 949 813 996; x_wconf 88' lang='lat' dir='ltr'>est</span> <span class='ocrx_word' id='word_1_63' title='bbox 826 958 883 996; x_wconf 91' lang='lat' dir='ltr'>non</span> <span class='ocrx_word' id='word_1_64' title='bbox 897 938 1067 996; x_wconf 81' lang='lat' dir='ltr'>abhorrente</span> <span class='ocrx_word' id='word_1_65' title='bbox 1081 958 1098 998; x_wconf 82' lang='lat' dir='ltr'>a</span> <span class='ocrx_word' id='word_1_66' title='bbox 1110 939 1172 1014; x_wconf 89' lang='lat' dir='ltr'>qui·</span> 
     </span>
     <span class='ocr_line' id='line_1_9' title="bbox 210 1016 1170 1092; baseline 0.001 -19"><span class='ocrx_word' id='word_1_67' title='bbox 210 1018 292 1073; x_wconf 86' lang='lat' dir='ltr'>“etis</span> <span class='ocrx_word' id='word_1_68' title='bbox 314 1018 449 1075; x_wconf 89' lang='lat' dir='ltr'>consiliis.</span> <span class='ocrx_word' id='word_1_69' title='bbox 504 1017 594 1078; x_wconf 81' lang='lat' dir='ltr'>Quod</span> <span class='ocrx_word' id='word_1_70' title='bbox 609 1017 644 1072; x_wconf 90' lang='lat' dir='ltr'>ad</span> <span class='ocrx_word' id='word_1_71' title='bbox 659 1035 705 1072; x_wconf 89' lang='lat' dir='ltr'>me</span> <span class='ocrx_word' id='word_1_72' title='bbox 719 1016 830 1083; x_wconf 82' lang='lat' dir='ltr'>attinet,</span> <span class='ocrx_word' id='word_1_73' title='bbox 848 1016 907 1092; x_wconf 87' lang='lat' dir='ltr'>jam</span> <span class='ocrx_word' id='word_1_74' title='bbox 931 1027 999 1074; x_wconf 81' lang='lat' dir='ltr'>retas</span> <span class='ocrx_word' id='word_1_75' title='bbox 1020 1035 1118 1074; x_wconf 89' lang='lat' dir='ltr'>serrem</span> <span class='ocrx_word' id='word_1_76' title='bbox 1140 1017 1170 1074; x_wconf 86' lang='lat' dir='ltr'>in</span> 
     </span>
     <span class='ocr_line' id='line_1_10' title="bbox 210 1094 1171 1170; baseline 0.001 -19"><span class='ocrx_word' id='word_1_77' title='bbox 210 1095 356 1170; x_wconf 87' lang='lat' dir='ltr'>“patriam</span> <span class='ocrx_word' id='word_1_78' title='bbox 383 1106 581 1162; x_wconf 85' lang='lat' dir='ltr'>revertentem,</span> <span class='ocrx_word' id='word_1_79' title='bbox 603 1094 680 1151; x_wconf 88' lang='lat' dir='ltr'>unde</span> <span class='ocrx_word' id='word_1_80' title='bbox 700 1112 770 1169; x_wconf 89' lang='lat' dir='ltr'>puer</span> <span class='ocrx_word' id='word_1_81' title='bbox 790 1095 933 1169; x_wconf 81' lang='lat' dir='ltr'>profectus</span> <span class='ocrx_word' id='word_1_82' title='bbox 953 1113 1026 1164; x_wconf 88' lang='lat' dir='ltr'>sum,</span> <span class='ocrx_word' id='word_1_83' title='bbox 1048 1095 1106 1170; x_wconf 89' lang='lat' dir='ltr'>jam</span> <span class='ocrx_word' id='word_1_84' title='bbox 1128 1113 1171 1152; x_wconf 87' lang='lat' dir='ltr'>se-</span> 
     </span>
     <span class='ocr_line' id='line_1_11' title="bbox 175 1171 1172 1250; baseline 0.003 -24"><span class='ocrx_word' id='word_1_85' title='bbox 175 1187 199 1226; x_wconf 92' lang='grc' dir='ltr'>ιι</span> <span class='ocrx_word' id='word_1_86' title='bbox 209 1181 228 1208; x_wconf 86' lang='grc'>“</span> <span class='ocrx_word' id='word_1_87' title='bbox 238 1173 374 1239; x_wconf 78' lang='lat' dir='ltr'>eunde</span> <span class='ocrx_word' id='word_1_88' title='bbox 363 1193 422 1250; x_wconf 85' lang='lat' dir='ltr'>Jam</span> <span class='ocrx_word' id='word_1_89' title='bbox 436 1174 561 1230; x_wconf 79' lang='lat' dir='ltr'>adversae</span> <span class='ocrx_word' id='word_1_90' title='bbox 580 1191 635 1243; x_wconf 87' lang='lat' dir='ltr'>res,</span> <span class='ocrx_word' id='word_1_91' title='bbox 656 1172 696 1228; x_wconf 85' lang='lat' dir='ltr'>ita</span> <span class='ocrx_word' id='word_1_92' title='bbox 715 1171 891 1244; x_wconf 87' lang='lat' dir='ltr'>erudierunt,</span> <span class='ocrx_word' id='word_1_93' title='bbox 915 1181 946 1228; x_wconf 90' lang='lat' dir='ltr'>ut</span> <span class='ocrx_word' id='word_1_94' title='bbox 969 1173 1108 1230; x_wconf 90' lang='lat' dir='ltr'>rationem</span> <span class='ocrx_word' id='word_1_95' title='bbox 1128 1191 1172 1229; x_wconf 86' lang='lat' dir='ltr'>se·</span> 
     </span>
     <span class='ocr_line' id='line_1_12' title="bbox 209 1217 1171 1325; baseline 0.001 -18"><span class='ocrx_word' id='word_1_96' title='bbox 209 1251 295 1325; x_wconf 86' lang='lat' dir='ltr'>“qui,</span> <span class='ocrx_word' id='word_1_97' title='bbox 310 1270 393 1325; x_wconf 91' lang='lat' dir='ltr'>quam</span> <span class='ocrx_word' id='word_1_98' title='bbox 409 1251 559 1320; x_wconf 88' lang='lat' dir='ltr'>fortunam,</span> <span class='ocrx_word' id='word_1_99' title='bbox 581 1217 686 1306; x_wconf 89' lang='lat' dir='ltr'>malim.</span> <span class='ocrx_word' id='word_1_100' title='bbox 728 1249 825 1308; x_wconf 88' lang='lat' dir='ltr'>Tuam</span> <span class='ocrx_word' id='word_1_101' title='bbox 846 1260 875 1306; x_wconf 90' lang='lat' dir='ltr'>et</span> <span class='ocrx_word' id='word_1_102' title='bbox 899 1249 1121 1308; x_wconf 89' lang='lat' dir='ltr'>adolescentiam</span> <span class='ocrx_word' id='word_1_103' title='bbox 1141 1261 1171 1308; x_wconf 88' lang='lat' dir='ltr'>et</span> 
     </span>
     <span class='ocr_line' id='line_1_13' title="bbox 209 1296 1170 1404; baseline 0 -20"><span class='ocrx_word' id='word_1_104' title='bbox 209 1337 401 1404; x_wconf 89' lang='lat' dir='ltr'>“perpetuam</span> <span class='ocrx_word' id='word_1_105' title='bbox 431 1296 606 1400; x_wconf 78' lang='lat' dir='ltr'>felicitatbm,</span> <span class='ocrx_word' id='word_1_106' title='bbox 634 1327 772 1386; x_wconf 79' lang='lat' dir='ltr'>ferociora</span> <span class='ocrx_word' id='word_1_107' title='bbox 799 1338 926 1402; x_wconf 89' lang='lat' dir='ltr'>utraque,</span> <span class='ocrx_word' id='word_1_108' title='bbox 953 1327 1040 1402; x_wconf 76' lang='lat' dir='ltr'>qudm</span> <span class='ocrx_word' id='word_1_109' title='bbox 1067 1328 1170 1402; x_wconf 87' lang='lat' dir='ltr'>quietis</span> 
     </span>
     <span class='ocr_line' id='line_1_14' title="bbox 208 1405 1170 1480; baseline -0.001 -17"><span class='ocrx_word' id='word_1_110' title='bbox 208 1415 307 1480; x_wconf 86' lang='lat' dir='ltr'>“opus</span> <span class='ocrx_word' id='word_1_111' title='bbox 327 1418 371 1464; x_wconf 88' lang='lat' dir='ltr'>est</span> <span class='ocrx_word' id='word_1_112' title='bbox 398 1407 533 1476; x_wconf 72' lang='lat' dir='ltr'>consiliio,</span> <span class='ocrx_word' id='word_1_113' title='bbox 556 1417 660 1464; x_wconf 85' lang='lat' dir='ltr'>metuo.</span> <span class='ocrx_word' id='word_1_114' title='bbox 701 1405 769 1462; x_wconf 90' lang='lat' dir='ltr'>Non</span> <span class='ocrx_word' id='word_1_115' title='bbox 793 1407 899 1464; x_wconf 69' lang='lat' dir='ltr'>temere</span> <span class='ocrx_word' id='word_1_116' title='bbox 920 1405 1030 1463; x_wconf 87' lang='lat' dir='ltr'>incerta</span> <span class='ocrx_word' id='word_1_117' title='bbox 1051 1424 1170 1464; x_wconf 87' lang='lat' dir='ltr'>casuum</span> 
     </span>
     <span class='ocr_line' id='line_1_15' title="bbox 208 1483 1170 1560; baseline 0 -20"><span class='ocrx_word' id='word_1_118' title='bbox 208 1493 227 1520; x_wconf 87' lang='lat'>“</span> <span class='ocrx_word' id='word_1_119' title='bbox 237 1495 357 1558; x_wconf 87' lang='lat' dir='ltr'>reputat,</span> <span class='ocrx_word' id='word_1_120' title='bbox 380 1503 466 1560; x_wconf 91' lang='lat' dir='ltr'>quem</span> <span class='ocrx_word' id='word_1_121' title='bbox 487 1485 599 1541; x_wconf 83' lang='lat' dir='ltr'>fortuna</span> <span class='ocrx_word' id='word_1_122' title='bbox 620 1501 765 1558; x_wconf 86' lang='lat' dir='ltr'>nunquam</span> <span class='ocrx_word' id='word_1_123' title='bbox 780 1483 901 1558; x_wconf 88' lang='lat' dir='ltr'>decepit.</span> <span class='ocrx_word' id='word_1_124' title='bbox 941 1483 1030 1545; x_wconf 81' lang='lat' dir='ltr'>Quod</span> <span class='ocrx_word' id='word_1_125' title='bbox 1054 1502 1109 1559; x_wconf 83' lang='lat' dir='ltr'>ego</span> <span class='ocrx_word' id='word_1_126' title='bbox 1129 1483 1170 1540; x_wconf 90' lang='lat' dir='ltr'>sui</span> 
     </span>
     <span class='ocr_line' id='line_1_16' title="bbox 174 1561 1170 1634; baseline 0.002 -18"><span class='ocrx_word' id='word_1_127' title='bbox 174 1576 198 1617; x_wconf 83' lang='grc' dir='ltr'>ιι</span> <span class='ocrx_word' id='word_1_128' title='bbox 208 1569 226 1597; x_wconf 83' lang='grc'><strong>“</strong></span> <span class='ocrx_word' id='word_1_129' title='bbox 236 1562 271 1618; x_wconf 88' lang='lat' dir='ltr'>ad</span> <span class='ocrx_word' id='word_1_130' title='bbox 294 1563 509 1629; x_wconf 82' lang='lat' dir='ltr'>Trasimenum,</span> <span class='ocrx_word' id='word_1_131' title='bbox 536 1563 574 1624; x_wconf 90' lang='lat' dir='ltr'>ad</span> <span class='ocrx_word' id='word_1_132' title='bbox 593 1561 721 1634; x_wconf 88' lang='lat' dir='ltr'>Cannas,</span> <span class='ocrx_word' id='word_1_133' title='bbox 742 1561 771 1618; x_wconf 92' lang='lat' dir='ltr'>id</span> <span class='ocrx_word' id='word_1_134' title='bbox 792 1572 823 1618; x_wconf 89' lang='grc' dir='ltr'>ιιι</span> <span class='ocrx_word' id='word_1_135' title='bbox 844 1562 928 1620; x_wconf 89' lang='lat' dir='ltr'>hodie</span> <span class='ocrx_word' id='word_1_136' title='bbox 948 1579 989 1619; x_wconf 88' lang='lat' dir='ltr'>es.</span> <span class='ocrx_word' id='word_1_137' title='bbox 1043 1561 1170 1620; x_wconf 72' lang='lat' dir='ltr'>Vixdum</span> 
     </span>
     <span class='ocr_line' id='line_1_17' title="bbox 208 1639 1171 1715; baseline 0 -19"><span class='ocrx_word' id='word_1_138' title='bbox 208 1640 349 1696; x_wconf 86' lang='lat' dir='ltr'>“militari</span> <span class='ocrx_word' id='word_1_139' title='bbox 364 1652 447 1698; x_wconf 82' lang='lat' dir='ltr'>aetate</span> <span class='ocrx_word' id='word_1_140' title='bbox 462 1640 580 1715; x_wconf 88' lang='lat' dir='ltr'>imperio</span> <span class='ocrx_word' id='word_1_141' title='bbox 598 1650 727 1714; x_wconf 89' lang='lat' dir='ltr'>accepto,</span> <span class='ocrx_word' id='word_1_142' title='bbox 749 1640 846 1698; x_wconf 88' lang='lat' dir='ltr'>omnia</span> <span class='ocrx_word' id='word_1_143' title='bbox 866 1639 1055 1698; x_wconf 74' lang='lat' dir='ltr'>audacissime</span> <span class='ocrx_word' id='word_1_144' title='bbox 1070 1639 1171 1715; x_wconf 92' lang='lat' dir='ltr'>incipi·</span> 
     </span>
     <span class='ocr_line' id='line_1_18' title="bbox 208 1717 1171 1793; baseline 0.002 -21"><span class='ocrx_word' id='word_1_145' title='bbox 208 1726 330 1774; x_wconf 87' lang='lat' dir='ltr'>“entem</span> <span class='ocrx_word' id='word_1_146' title='bbox 355 1735 495 1792; x_wconf 85' lang='lat' dir='ltr'>nusquam</span> <span class='ocrx_word' id='word_1_147' title='bbox 517 1717 615 1775; x_wconf 82' lang='lat' dir='ltr'>fefellit</span> <span class='ocrx_word' id='word_1_148' title='bbox 637 1717 756 1776; x_wconf 78' lang='lat' dir='ltr'>fortuna</span> <span class='ocrx_word' id='word_1_149' title='bbox 799 1717 891 1774; x_wconf 90' lang='lat' dir='ltr'>Patris</span> <span class='ocrx_word' id='word_1_150' title='bbox 914 1729 943 1782; x_wconf 84' lang='lat' dir='ltr'>et</span> <span class='ocrx_word' id='word_1_151' title='bbox 966 1718 1057 1793; x_wconf 91' lang='lat' dir='ltr'>patrui</span> <span class='ocrx_word' id='word_1_152' title='bbox 1077 1737 1171 1793; x_wconf 90' lang='lat' dir='ltr'>perse·</span> 
     </span>
     <span class='ocr_line' id='line_1_19' title="bbox 208 1795 1169 1884; baseline 0.002 -33"><span class='ocrx_word' id='word_1_153' title='bbox 208 1803 319 1852; x_wconf 87' lang='lat' dir='ltr'>“cutus</span> <span class='ocrx_word' id='word_1_154' title='bbox 334 1807 462 1867; x_wconf 89' lang='lat' dir='ltr'>mortem,</span> <span class='ocrx_word' id='word_1_155' title='bbox 480 1795 516 1852; x_wconf 94' lang='lat' dir='ltr'>ab</span> <span class='ocrx_word' id='word_1_156' title='bbox 529 1795 690 1858; x_wconf 81' lang='lat' dir='ltr'>calamitate</span> <span class='ocrx_word' id='word_1_157' title='bbox 705 1806 803 1852; x_wconf 76' lang='lat' dir='ltr'>vestre</span> <span class='ocrx_word' id='word_1_158' title='bbox 827 1795 931 1884; x_wconf 83' lang='lat' dir='ltr'>domlls</span> <span class='ocrx_word' id='word_1_159' title='bbox 952 1795 1063 1856; x_wconf 85' lang='lat' dir='ltr'>decus</span> <span class='ocrx_word' id='word_1_160' title='bbox 1056 1796 1169 1872; x_wconf 79' lang='lat' dir='ltr'>insigne</span> 
     </span>
     <span class='ocr_line' id='line_1_20' title="bbox 208 1841 1170 1962; baseline 0.002 -34"><span class='ocrx_word' id='word_1_161' title='bbox 208 1871 348 1930; x_wconf 83' lang='lat' dir='ltr'>“virtutis</span> <span class='ocrx_word' id='word_1_162' title='bbox 361 1841 528 1962; x_wconf 86' lang='lat' dir='ltr'>pietatisque</span> <span class='ocrx_word' id='word_1_163' title='bbox 542 1873 654 1930; x_wconf 78' lang='lat' dir='ltr'>eximiae</span> <span class='ocrx_word' id='word_1_164' title='bbox 668 1873 786 1948; x_wconf 88' lang='lat' dir='ltr'>cepisti.</span> <span class='ocrx_word' id='word_1_165' title='bbox 817 1872 935 1930; x_wconf 88' lang='lat' dir='ltr'>amissas</span> <span class='ocrx_word' id='word_1_166' title='bbox 958 1874 1114 1949; x_wconf 86' lang='lat' dir='ltr'>Hispanias</span> <span class='ocrx_word' id='word_1_167' title='bbox 1128 1893 1170 1930; x_wconf 92' lang='lat' dir='ltr'>re·</span> 
     </span>
     <span class='ocr_line' id='line_1_21' title="bbox 114 1950 1170 2034; baseline 0.004 -30"><span class='ocrx_word' id='word_1_168' title='bbox 114 1989 120 2000; x_wconf 92' lang='lat'>.</span> <span class='ocrx_word' id='word_1_169' title='bbox 171 1952 391 2025; x_wconf 81' lang='lat' dir='ltr'>so“cuperasti,</span> <span class='ocrx_word' id='word_1_170' title='bbox 413 1962 532 2034; x_wconf 83' lang='lat' dir='ltr'>quatuor</span> <span class='ocrx_word' id='word_1_171' title='bbox 553 1951 620 2010; x_wconf 89' lang='lat' dir='ltr'>inde</span> <span class='ocrx_word' id='word_1_172' title='bbox 641 1950 759 2008; x_wconf 88' lang='lat' dir='ltr'>Punicis</span> <span class='ocrx_word' id='word_1_173' title='bbox 780 1951 953 2008; x_wconf 79' lang='lat' dir='ltr'>exercitibus</span> <span class='ocrx_word' id='word_1_174' title='bbox 966 1951 1073 2026; x_wconf 85' lang='lat' dir='ltr'>pulsis</span> <span class='ocrx_word' id='word_1_175' title='bbox 1102 1969 1170 2009; x_wconf 90' lang='lat' dir='ltr'>con·</span> 
     </span>
     <span class='ocr_line' id='line_1_22' title="bbox 207 2028 1170 2104; baseline 0 -18"><span class='ocrx_word' id='word_1_176' title='bbox 207 2029 278 2085; x_wconf 88' lang='lat' dir='ltr'>“sul</span> <span class='ocrx_word' id='word_1_177' title='bbox 292 2040 413 2100; x_wconf 75' lang='lat' dir='ltr'>creatae,</span> <span class='ocrx_word' id='word_1_178' title='bbox 428 2048 514 2104; x_wconf 89' lang='lat' dir='ltr'>quum</span> <span class='ocrx_word' id='word_1_179' title='bbox 529 2029 640 2086; x_wconf 77' lang='lat' dir='ltr'>caeteris</span> <span class='ocrx_word' id='word_1_180' title='bbox 655 2029 690 2085; x_wconf 92' lang='lat' dir='ltr'>ad</span> <span class='ocrx_word' id='word_1_181' title='bbox 705 2029 853 2086; x_wconf 88' lang='lat' dir='ltr'>tutandam</span> <span class='ocrx_word' id='word_1_182' title='bbox 868 2028 980 2086; x_wconf 88' lang='lat' dir='ltr'>Italiam</span> <span class='ocrx_word' id='word_1_183' title='bbox 994 2048 1095 2104; x_wconf 88' lang='lat' dir='ltr'>parum</span> <span class='ocrx_word' id='word_1_184' title='bbox 1110 2029 1170 2086; x_wconf 89' lang='lat' dir='ltr'>ani·</span> 
     </span>
     <span class='ocr_line' id='line_1_23' title="bbox 206 2105 1168 2182; baseline 0.003 -20"><span class='ocrx_word' id='word_1_185' title='bbox 206 2110 225 2142; x_wconf 80' lang='lat'>‘⁴</span> <span class='ocrx_word' id='word_1_186' title='bbox 235 2107 274 2163; x_wconf 89' lang='lat' dir='ltr'>mi</span> <span class='ocrx_word' id='word_1_187' title='bbox 287 2119 362 2164; x_wconf 89' lang='lat' dir='ltr'>esset</span> <span class='ocrx_word' id='word_1_188' title='bbox 364 2118 577 2182; x_wconf 86' lang='lat' dir='ltr'>,transgressus</span> <span class='ocrx_word' id='word_1_189' title='bbox 592 2106 621 2163; x_wconf 91' lang='lat' dir='ltr'>in</span> <span class='ocrx_word' id='word_1_190' title='bbox 646 2105 785 2179; x_wconf 81' lang='lat' dir='ltr'>Africam,</span> <span class='ocrx_word' id='word_1_191' title='bbox 809 2107 920 2164; x_wconf 89' lang='lat' dir='ltr'>duobus</span> <span class='ocrx_word' id='word_1_192' title='bbox 935 2108 981 2164; x_wconf 90' lang='lat' dir='ltr'>hlo</span> <span class='ocrx_word' id='word_1_193' title='bbox 995 2107 1168 2165; x_wconf 83' lang='lat' dir='ltr'>exercitibus</span> 
     </span>
     <span class='ocr_line' id='line_1_24' title="bbox 207 2153 1166 2260; baseline 0.002 -20"><span class='ocrx_word' id='word_1_194' title='bbox 207 2185 326 2252; x_wconf 80' lang='lat' dir='ltr'>“oaesis,</span> <span class='ocrx_word' id='word_1_195' title='bbox 342 2153 416 2242; x_wconf 88' lang='lat' dir='ltr'>binis</span> <span class='ocrx_word' id='word_1_196' title='bbox 430 2185 532 2242; x_wconf 89' lang='lat' dir='ltr'>eadem</span> <span class='ocrx_word' id='word_1_197' title='bbox 547 2185 614 2241; x_wconf 67' lang='lat' dir='ltr'>hora</span> <span class='ocrx_word' id='word_1_198' title='bbox 638 2185 729 2260; x_wconf 90' lang='lat' dir='ltr'>captis</span> <span class='ocrx_word' id='word_1_199' title='bbox 752 2185 860 2242; x_wconf 88' lang='lat' dir='ltr'>simul</span> <span class='ocrx_word' id='word_1_200' title='bbox 853 2185 1034 2259; x_wconf 77' lang='lat' dir='ltr'>rocensisque</span> <span class='ocrx_word' id='word_1_201' title='bbox 1055 2185 1166 2253; x_wconf 89' lang='lat' dir='ltr'>castris,</span> 
     </span>
     <span class='ocr_line' id='line_1_25' title="bbox 206 2227 1167 2353; baseline 0.001 -35"><span class='ocrx_word' id='word_1_202' title='bbox 206 2227 366 2338; x_wconf 80' lang='lat' dir='ltr'>“Syphrloe</span> <span class='ocrx_word' id='word_1_203' title='bbox 387 2263 582 2353; x_wconf 90' lang='lat' dir='ltr'>potentissimo</span> <span class='ocrx_word' id='word_1_204' title='bbox 601 2281 669 2338; x_wconf 87' lang='lat' dir='ltr'>rege</span> <span class='ocrx_word' id='word_1_205' title='bbox 690 2273 782 2339; x_wconf 84' lang='lat' dir='ltr'>capto,</span> <span class='ocrx_word' id='word_1_206' title='bbox 803 2273 844 2320; x_wconf 89' lang='grc' dir='ltr'>ιοι</span> <span class='ocrx_word' id='word_1_207' title='bbox 858 2263 975 2320; x_wconf 89' lang='lat' dir='ltr'>urbibus</span> <span class='ocrx_word' id='word_1_208' title='bbox 993 2263 1075 2340; x_wconf 84' lang='lat' dir='ltr'>regni</span> <span class='ocrx_word' id='word_1_209' title='bbox 1096 2263 1167 2340; x_wconf 83' lang='lat' dir='ltr'>ejus,</span> 
     </span>
     <span class='ocr_line' id='line_1_26' title="bbox 170 2340 1168 2432; baseline 0.004 -38"><span class='ocrx_word' id='word_1_210' title='bbox 170 2353 196 2394; x_wconf 77' lang='lat' dir='ltr'>aa</span> <span class='ocrx_word' id='word_1_211' title='bbox 208 2349 276 2398; x_wconf 82' lang='lat' dir='ltr'>“tot</span> <span class='ocrx_word' id='word_1_212' title='bbox 289 2341 376 2398; x_wconf 86' lang='lat' dir='ltr'>nostri</span> <span class='ocrx_word' id='word_1_213' title='bbox 392 2341 501 2416; x_wconf 90' lang='lat' dir='ltr'>imperii</span> <span class='ocrx_word' id='word_1_214' title='bbox 516 2340 630 2416; x_wconf 89' lang='lat' dir='ltr'>ereptis,</span> <span class='ocrx_word' id='word_1_215' title='bbox 649 2359 695 2398; x_wconf 92' lang='lat' dir='ltr'>me</span> <span class='ocrx_word' id='word_1_216' title='bbox 719 2341 998 2399; x_wconf 84' lang='lat' dir='ltr'>sextumdecimum</span> <span class='ocrx_word' id='word_1_217' title='bbox 987 2361 1046 2432; x_wconf 78' lang='lat' dir='ltr'>jam</span> <span class='ocrx_word' id='word_1_218' title='bbox 1061 2360 1168 2400; x_wconf 89' lang='lat' dir='ltr'>annum</span> 
     </span>
     <span class='ocr_line' id='line_1_27' title="bbox 206 2419 1167 2493; baseline 0.002 -18"><span class='ocrx_word' id='word_1_219' title='bbox 206 2427 224 2454; x_wconf 81' lang='lat'>‘¹</span> <span class='ocrx_word' id='word_1_220' title='bbox 234 2419 426 2476; x_wconf 78' lang='lat' dir='ltr'>haerentemm</span> <span class='ocrx_word' id='word_1_221' title='bbox 435 2419 870 2493; x_wconf 80' lang='lat' dir='ltr'>possessioneltalraedetraxrstr</span> <span class='ocrx_word' id='word_1_222' title='bbox 905 2419 1002 2478; x_wconf 87' lang='lat' dir='ltr'>Potest</span> <span class='ocrx_word' id='word_1_223' title='bbox 1013 2421 1167 2490; x_wconf 75' lang='lat' dir='ltr'>victoriam</span> 
     </span>
     <span class='ocr_line' id='line_1_28' title="bbox 205 2496 1175 2575; baseline 0.002 -23"><span class='ocrx_word' id='word_1_224' title='bbox 205 2496 358 2571; x_wconf 85' lang='lat' dir='ltr'>“mquam</span> <span class='ocrx_word' id='word_1_225' title='bbox 374 2496 564 2570; x_wconf 86' lang='lat' dir='ltr'>mallequam</span> <span class='ocrx_word' id='word_1_226' title='bbox 578 2515 689 2571; x_wconf 90' lang='lat' dir='ltr'>pacem</span> <span class='ocrx_word' id='word_1_227' title='bbox 704 2497 826 2556; x_wconf 91' lang='lat' dir='ltr'>animus.</span> <span class='ocrx_word' id='word_1_228' title='bbox 856 2497 932 2554; x_wconf 78' lang='lat' dir='ltr'>Nova</span> <span class='ocrx_word' id='word_1_229' title='bbox 946 2499 1061 2572; x_wconf 79' lang='lat' dir='ltr'>spiratus</span> <span class='ocrx_word' id='word_1_230' title='bbox 1075 2499 1175 2575; x_wconf 83' lang='lat' dir='ltr'>magis.</span> 
     </span>
     <span class='ocr_line' id='line_1_29' title="bbox 205 2573 1168 2650; baseline 0.002 -20"><span class='ocrx_word' id='word_1_231' title='bbox 205 2582 360 2650; x_wconf 83' lang='lat' dir='ltr'>“magnos,</span> <span class='ocrx_word' id='word_1_232' title='bbox 374 2573 461 2649; x_wconf 79' lang='lat' dir='ltr'>qudrri</span> <span class='ocrx_word' id='word_1_233' title='bbox 476 2575 578 2631; x_wconf 90' lang='lat' dir='ltr'>utiles:</span> <span class='ocrx_word' id='word_1_234' title='bbox 612 2586 641 2632; x_wconf 92' lang='lat' dir='ltr'>et</span> <span class='ocrx_word' id='word_1_235' title='bbox 656 2575 724 2632; x_wconf 90' lang='lat' dir='ltr'>mihi</span> <span class='ocrx_word' id='word_1_236' title='bbox 738 2576 802 2632; x_wconf 90' lang='lat' dir='ltr'>talis</span> <span class='ocrx_word' id='word_1_237' title='bbox 816 2576 968 2650; x_wconf 86' lang='lat' dir='ltr'>aliquando</span> <span class='ocrx_word' id='word_1_238' title='bbox 992 2577 1106 2634; x_wconf 77' lang='lat' dir='ltr'>fortuna</span> <span class='ocrx_word' id='word_1_239' title='bbox 1126 2576 1168 2634; x_wconf 83' lang='lat' dir='ltr'>al-</span> 
     </span>
     <span class='ocr_line' id='line_1_30' title="bbox 205 2651 1167 2727; baseline 0.003 -19"><span class='ocrx_word' id='word_1_240' title='bbox 205 2661 224 2688; x_wconf 86' lang='lat'>“</span> <span class='ocrx_word' id='word_1_241' title='bbox 234 2651 319 2708; x_wconf 81' lang='lat' dir='ltr'>fulsit.</span> <span class='ocrx_word' id='word_1_242' title='bbox 360 2651 484 2713; x_wconf 79' lang='lat' dir='ltr'>Quod</span> <span class='ocrx_word' id='word_1_243' title='bbox 461 2671 485 2708; x_wconf 85' lang='grc' dir='ltr'>ιι</span> <span class='ocrx_word' id='word_1_244' title='bbox 500 2652 529 2708; x_wconf 87' lang='lat' dir='ltr'>irt</span> <span class='ocrx_word' id='word_1_245' title='bbox 544 2653 679 2709; x_wconf 86' lang='lat' dir='ltr'>secundis</span> <span class='ocrx_word' id='word_1_246' title='bbox 700 2653 785 2710; x_wconf 86' lang='lat' dir='ltr'>rebus</span> <span class='ocrx_word' id='word_1_247' title='bbox 799 2653 903 2711; x_wconf 88' lang='lat' dir='ltr'>bonam</span> <span class='ocrx_word' id='word_1_248' title='bbox 917 2672 1027 2727; x_wconf 89' lang='lat' dir='ltr'>quoque</span> <span class='ocrx_word' id='word_1_249' title='bbox 1041 2666 1167 2712; x_wconf 90' lang='lat' dir='ltr'>mentem</span> 
     </span>
     <span class='ocr_line' id='line_1_31' title="bbox 169 2729 1166 2805; baseline 0.006 -21"><span class='ocrx_word' id='word_1_250' title='bbox 169 2742 195 2784; x_wconf 81' lang='lat' dir='ltr'>so</span> <span class='ocrx_word' id='word_1_251' title='bbox 205 2738 224 2767; x_wconf 70' lang='lat'>‘⁸</span> <span class='ocrx_word' id='word_1_252' title='bbox 233 2729 334 2787; x_wconf 89' lang='lat' dir='ltr'>darent</span> <span class='ocrx_word' id='word_1_253' title='bbox 347 2729 415 2788; x_wconf 85' lang='lat' dir='ltr'>Du</span> <span class='ocrx_word' id='word_1_254' title='bbox 408 2772 416 2799; x_wconf 95' lang='lat'>,</span> <span class='ocrx_word' id='word_1_255' title='bbox 451 2749 508 2788; x_wconf 92' lang='lat' dir='ltr'>non</span> <span class='ocrx_word' id='word_1_256' title='bbox 522 2749 557 2788; x_wconf 87' lang='lat' dir='ltr'>ea</span> <span class='ocrx_word' id='word_1_257' title='bbox 571 2731 675 2798; x_wconf 74' lang='lat' dir='ltr'>solum,</span> <span class='ocrx_word' id='word_1_258' title='bbox 689 2749 751 2805; x_wconf 75' lang='lat' dir='ltr'>que</span> <span class='ocrx_word' id='word_1_259' title='bbox 765 2731 935 2801; x_wconf 81' lang='lat' dir='ltr'>evenissent,</span> <span class='ocrx_word' id='word_1_260' title='bbox 957 2731 1008 2786; x_wconf 88' lang='lat' dir='ltr'>sed</span> <span class='ocrx_word' id='word_1_261' title='bbox 1022 2732 1108 2788; x_wconf 90' lang='lat' dir='ltr'>etiam</span> <span class='ocrx_word' id='word_1_262' title='bbox 1122 2751 1166 2800; x_wconf 90' lang='lat' dir='ltr'>ea,</span> 
     </span>
     <span class='ocr_line' id='line_1_32' title="bbox 204 2808 1167 2884; baseline 0.004 -20"><span class='ocrx_word' id='word_1_263' title='bbox 204 2816 224 2846; x_wconf 86' lang='grc'>“</span> <span class='ocrx_word' id='word_1_264' title='bbox 233 2825 295 2882; x_wconf 83' lang='lat' dir='ltr'>quae</span> <span class='ocrx_word' id='word_1_265' title='bbox 309 2808 424 2865; x_wconf 87' lang='lat' dir='ltr'>evenire</span> <span class='ocrx_word' id='word_1_266' title='bbox 438 2818 561 2882; x_wconf 89' lang='lat' dir='ltr'>possent,</span> <span class='ocrx_word' id='word_1_267' title='bbox 576 2820 779 2884; x_wconf 87' lang='lat' dir='ltr'>reputaremus.</span> <span class='ocrx_word' id='word_1_268' title='bbox 821 2809 859 2866; x_wconf 89' lang='lat' dir='ltr'>Ut</span> <span class='ocrx_word' id='word_1_269' title='bbox 871 2809 999 2866; x_wconf 88' lang='lat' dir='ltr'>omnium</span> <span class='ocrx_word' id='word_1_270' title='bbox 1020 2809 1167 2868; x_wconf 86' lang='lat' dir='ltr'>oblivisca-</span> 
     </span>
     <span class='ocr_line' id='line_1_33' title="bbox 204 2886 1165 2961; baseline 0.003 -19"><span class='ocrx_word' id='word_1_271' title='bbox 204 2887 271 2942; x_wconf 87' lang='lat' dir='ltr'>“ris</span> <span class='ocrx_word' id='word_1_272' title='bbox 298 2886 427 2957; x_wconf 91' lang='lat' dir='ltr'>aliorum,</span> <span class='ocrx_word' id='word_1_273' title='bbox 448 2887 516 2942; x_wconf 89' lang='lat' dir='ltr'>satis</span> <span class='ocrx_word' id='word_1_274' title='bbox 536 2905 590 2961; x_wconf 87' lang='lat' dir='ltr'>ego</span> <span class='ocrx_word' id='word_1_275' title='bbox 610 2887 774 2943; x_wconf 90' lang='lat' dir='ltr'>documenti</span> <span class='ocrx_word' id='word_1_276' title='bbox 803 2887 833 2944; x_wconf 90' lang='lat' dir='ltr'>in</span> <span class='ocrx_word' id='word_1_277' title='bbox 861 2905 961 2944; x_wconf 89' lang='lat' dir='ltr'>omnes</span> <span class='ocrx_word' id='word_1_278' title='bbox 989 2905 1074 2944; x_wconf 90' lang='lat' dir='ltr'>casus</span> <span class='ocrx_word' id='word_1_279' title='bbox 1094 2907 1165 2945; x_wconf 90' lang='lat' dir='ltr'>sum.</span> 
     </span>
     <span class='ocr_line' id='line_1_34' title="bbox 205 2963 1166 3040; baseline -0.002 -16"><span class='ocrx_word' id='word_1_280' title='bbox 205 2972 224 3001; x_wconf 91' lang='lat'>“</span> <span class='ocrx_word' id='word_1_281' title='bbox 232 2963 331 3024; x_wconf 81' lang='lat' dir='ltr'>Quem</span> <span class='ocrx_word' id='word_1_282' title='bbox 347 2963 440 3032; x_wconf 79' lang='lat' dir='ltr'>modo,</span> <span class='ocrx_word' id='word_1_283' title='bbox 455 2965 555 3021; x_wconf 89' lang='lat' dir='ltr'>castris</span> <span class='ocrx_word' id='word_1_284' title='bbox 569 2964 643 3021; x_wconf 88' lang='lat' dir='ltr'>inter</span> <span class='ocrx_word' id='word_1_285' title='bbox 657 2965 802 3022; x_wconf 85' lang='lat' dir='ltr'>Anienem</span> <span class='ocrx_word' id='word_1_286' title='bbox 826 2976 910 3040; x_wconf 87' lang='lat' dir='ltr'>atque</span> <span class='ocrx_word' id='word_1_287' title='bbox 932 2965 1031 3022; x_wconf 89' lang='lat' dir='ltr'>urbem</span> <span class='ocrx_word' id='word_1_288' title='bbox 1045 2976 1166 3022; x_wconf 86' lang='lat' dir='ltr'>vestram</span> 
     </span>
     <span class='ocr_line' id='line_1_35' title="bbox 204 3041 1166 3117; baseline 0.003 -20"><span class='ocrx_word' id='word_1_289' title='bbox 204 3049 223 3078; x_wconf 72' lang='lat'>‘⁸</span> <span class='ocrx_word' id='word_1_290' title='bbox 232 3041 340 3116; x_wconf 90' lang='lat' dir='ltr'>positis,</span> <span class='ocrx_word' id='word_1_291' title='bbox 355 3042 437 3117; x_wconf 84' lang='lat' dir='ltr'>signa</span> <span class='ocrx_word' id='word_1_292' title='bbox 451 3042 621 3100; x_wconf 84' lang='lat' dir='ltr'>inferentem</span> <span class='ocrx_word' id='word_1_293' title='bbox 642 3044 678 3099; x_wconf 88' lang='lat' dir='ltr'>ad</span> <span class='ocrx_word' id='word_1_294' title='bbox 692 3045 798 3100; x_wconf 89' lang='lat' dir='ltr'>moenia</span> <span class='ocrx_word' id='word_1_295' title='bbox 811 3044 964 3112; x_wconf 86' lang='lat' dir='ltr'>Romana·</span> <span class='ocrx_word' id='word_1_296' title='bbox 999 3043 1047 3102; x_wconf 90' lang='lat' dir='ltr'>hic</span> <span class='ocrx_word' id='word_1_297' title='bbox 1061 3044 1166 3116; x_wconf 88' lang='lat' dir='ltr'>cernis,</span> 
     </span>
     <span class='ocr_line' id='line_1_36' title="bbox 169 3119 1166 3197; baseline 0.008 -25"><span class='ocrx_word' id='word_1_298' title='bbox 169 3119 344 3176; x_wconf 82' lang='lat' dir='ltr'>as“duobus</span> <span class='ocrx_word' id='word_1_299' title='bbox 366 3119 523 3177; x_wconf 79' lang='lat' dir='ltr'>fortissimis</span> <span class='ocrx_word' id='word_1_300' title='bbox 546 3120 621 3188; x_wconf 86' lang='lat' dir='ltr'>viris,</span> <span class='ocrx_word' id='word_1_301' title='bbox 645 3120 786 3194; x_wconf 87' lang='lat' dir='ltr'>fratribus,</span> <span class='ocrx_word' id='word_1_302' title='bbox 810 3121 998 3179; x_wconf 88' lang='lat' dir='ltr'>clarissimis</span> <span class='ocrx_word' id='word_1_303' title='bbox 991 3123 1166 3197; x_wconf 80' lang='lat' dir='ltr'>imperatori·</span> 
     </span>
     <span class='ocr_line' id='line_1_37' title="bbox 203 3197 1166 3296; baseline 0.005 -43"><span class='ocrx_word' id='word_1_304' title='bbox 203 3197 295 3270; x_wconf 77' lang='lat' dir='ltr'>“bus,</span> <span class='ocrx_word' id='word_1_305' title='bbox 316 3198 454 3269; x_wconf 90' lang='lat' dir='ltr'>orbatum,</span> <span class='ocrx_word' id='word_1_306' title='bbox 480 3208 546 3255; x_wconf 88' lang='lat' dir='ltr'>ante</span> <span class='ocrx_word' id='word_1_307' title='bbox 567 3199 674 3256; x_wconf 85' lang='lat' dir='ltr'>moenia</span> <span class='ocrx_word' id='word_1_308' title='bbox 694 3218 778 3296; x_wconf 83' lang='lat' dir='ltr'>prope</span> <span class='ocrx_word' id='word_1_309' title='bbox 770 3199 915 3256; x_wconf 79' lang='lat' dir='ltr'>obsessae</span> <span class='ocrx_word' id='word_1_310' title='bbox 936 3200 1043 3275; x_wconf 73' lang='lat' dir='ltr'>patrie,</span> <span class='ocrx_word' id='word_1_311' title='bbox 1063 3201 1166 3276; x_wconf 89' lang='lat' dir='ltr'>quibus</span> 
     </span>
     <span class='ocr_line' id='line_1_38' title="bbox 204 3244 1166 3353; baseline 0.007 -22"><span class='ocrx_word' id='word_1_312' title='bbox 204 3285 224 3312; x_wconf 81' lang='lat'>‘⁶</span> <span class='ocrx_word' id='word_1_313' title='bbox 233 3244 320 3332; x_wconf 80' lang='lat' dir='ltr'>territi</span> <span class='ocrx_word' id='word_1_314' title='bbox 334 3245 454 3332; x_wconf 86' lang='lat' dir='ltr'>vestrani</span> <span class='ocrx_word' id='word_1_315' title='bbox 466 3276 576 3348; x_wconf 87' lang='lat' dir='ltr'>urbem,</span> <span class='ocrx_word' id='word_1_316' title='bbox 590 3295 625 3332; x_wconf 91' lang='lat' dir='ltr'>ea</span> <span class='ocrx_word' id='word_1_317' title='bbox 638 3295 688 3351; x_wconf 91' lang='lat' dir='ltr'>pro</span> <span class='ocrx_word' id='word_1_318' title='bbox 702 3277 767 3334; x_wconf 76' lang='lat' dir='ltr'>meti</span> <span class='ocrx_word' id='word_1_319' title='bbox 781 3279 991 3353; x_wconf 88' lang='lat' dir='ltr'>deprecantem.</span> <span class='ocrx_word' id='word_1_320' title='bbox 1033 3279 1166 3338; x_wconf 81' lang='lat' dir='ltr'>Maximae</span> 
     </span>
     <span class='ocr_line' id='line_1_39' title="bbox 204 3353 1166 3434; baseline 0.005 -25"><span class='ocrx_word' id='word_1_321' title='bbox 204 3353 336 3428; x_wconf 85' lang='lat' dir='ltr'>“cuique</span> <span class='ocrx_word' id='word_1_322' title='bbox 351 3353 471 3410; x_wconf 74' lang='lat' dir='ltr'>lortunoe</span> <span class='ocrx_word' id='word_1_323' title='bbox 486 3354 603 3412; x_wconf 90' lang='lat' dir='ltr'>minime</span> <span class='ocrx_word' id='word_1_324' title='bbox 624 3355 943 3434; x_wconf 80' lang='lat' dir='ltr'>eredendumest.1n</span> <span class='ocrx_word' id='word_1_325' title='bbox 958 3357 1040 3415; x_wconf 92' lang='lat' dir='ltr'>bonis</span> <span class='ocrx_word' id='word_1_326' title='bbox 1053 3358 1110 3414; x_wconf 91' lang='lat' dir='ltr'>tuis</span> <span class='ocrx_word' id='word_1_327' title='bbox 1124 3376 1166 3414; x_wconf 85' lang='lat' dir='ltr'>re·</span> 
     </span>
     <span class='ocr_line' id='line_1_40' title="bbox 204 3430 1164 3511; baseline 0.006 -24"><span class='ocrx_word' id='word_1_328' title='bbox 204 3431 295 3506; x_wconf 81' lang='lat' dir='ltr'>“bus,</span> <span class='ocrx_word' id='word_1_329' title='bbox 310 3432 413 3489; x_wconf 83' lang='lat' dir='ltr'>nostris</span> <span class='ocrx_word' id='word_1_330' title='bbox 426 3432 530 3504; x_wconf 92' lang='lat' dir='ltr'>dubiis,</span> <span class='ocrx_word' id='word_1_331' title='bbox 551 3432 602 3490; x_wconf 88' lang='lat' dir='ltr'>tibi</span> <span class='ocrx_word' id='word_1_332' title='bbox 616 3432 709 3508; x_wconf 88' lang='lat' dir='ltr'>ampla</span> <span class='ocrx_word' id='word_1_333' title='bbox 729 3452 763 3490; x_wconf 92' lang='lat' dir='ltr'>ac</span> <span class='ocrx_word' id='word_1_334' title='bbox 777 3430 906 3509; x_wconf 76' lang='lat' dir='ltr'>speciosa</span> <span class='ocrx_word' id='word_1_335' title='bbox 925 3435 1005 3492; x_wconf 91' lang='lat' dir='ltr'>danti</span> <span class='ocrx_word' id='word_1_336' title='bbox 1026 3445 1070 3492; x_wconf 90' lang='lat' dir='ltr'>est</span> <span class='ocrx_word' id='word_1_337' title='bbox 1090 3453 1164 3511; x_wconf 88' lang='lat' dir='ltr'>pax·</span> 
     </span>
     <span class='ocr_line' id='line_1_41' title="bbox 169 3509 1165 3588; baseline 0.008 -26"><span class='ocrx_word' id='word_1_338' title='bbox 169 3523 195 3562; x_wconf 88' lang='grc' dir='ltr'>ιι</span> <span class='ocrx_word' id='word_1_339' title='bbox 205 3517 223 3546; x_wconf 82' lang='lat'>·‘</span> <span class='ocrx_word' id='word_1_340' title='bbox 234 3509 315 3566; x_wconf 91' lang='lat' dir='ltr'>nobis</span> <span class='ocrx_word' id='word_1_341' title='bbox 332 3510 495 3585; x_wconf 86' lang='lat' dir='ltr'>petentibus</span> <span class='ocrx_word' id='word_1_342' title='bbox 507 3510 597 3586; x_wconf 86' lang='lat' dir='ltr'>magis</span> <span class='ocrx_word' id='word_1_343' title='bbox 610 3511 782 3579; x_wconf 85' lang='lat' dir='ltr'>necessaria,</span> <span class='ocrx_word' id='word_1_344' title='bbox 793 3512 878 3588; x_wconf 74' lang='lat' dir='ltr'>quarn</span> <span class='ocrx_word' id='word_1_345' title='bbox 892 3513 1020 3572; x_wconf 87' lang='lat' dir='ltr'>honesta.</span> <span class='ocrx_word' id='word_1_346' title='bbox 1061 3513 1165 3571; x_wconf 92' lang='lat' dir='ltr'>Melior</span> 
     </span>
     <span class='ocr_line' id='line_1_42' title="bbox 204 3587 1164 3665; baseline 0.004 -22"><span class='ocrx_word' id='word_1_347' title='bbox 204 3587 373 3662; x_wconf 85' lang='lat' dir='ltr'>“tutiorque</span> <span class='ocrx_word' id='word_1_348' title='bbox 393 3599 438 3645; x_wconf 89' lang='lat' dir='ltr'>est</span> <span class='ocrx_word' id='word_1_349' title='bbox 460 3598 539 3646; x_wconf 89' lang='lat' dir='ltr'>certa</span> <span class='ocrx_word' id='word_1_350' title='bbox 555 3607 621 3663; x_wconf 85' lang='lat' dir='ltr'>pax,</span> <span class='ocrx_word' id='word_1_351' title='bbox 642 3608 726 3664; x_wconf 89' lang='lat' dir='ltr'>quam</span> <span class='ocrx_word' id='word_1_352' title='bbox 751 3601 863 3665; x_wconf 90' lang='lat' dir='ltr'>sperata</span> <span class='ocrx_word' id='word_1_353' title='bbox 884 3591 1019 3648; x_wconf 89' lang='lat' dir='ltr'>victoria.</span> <span class='ocrx_word' id='word_1_354' title='bbox 1042 3591 1142 3648; x_wconf 84' lang='lat' dir='ltr'>baec</span> <span class='ocrx_word' id='word_1_355' title='bbox 1134 3610 1164 3647; x_wconf 92' lang='grc' dir='ltr'>ιιι</span> 
     </span>
     <span class='ocr_line' id='line_1_43' title="bbox 208 3665 1165 3735; baseline 0.005 -14"><span class='ocrx_word' id='word_1_356' title='bbox 208 3666 414 3735; x_wconf 73' lang='lat' dir='ltr'>“tosillam</span> <span class='ocrx_word' id='word_1_357' title='bbox 429 3665 555 3724; x_wconf 89' lang='lat' dir='ltr'>Deorum</span> <span class='ocrx_word' id='word_1_358' title='bbox 570 3685 656 3725; x_wconf 89' lang='lat' dir='ltr'>manu</span> <span class='ocrx_word' id='word_1_359' title='bbox 677 3680 729 3726; x_wconf 89' lang='lat' dir='ltr'>est.</span> <span class='ocrx_word' id='word_1_360' title='bbox 771 3670 818 3726; x_wconf 92' lang='lat' dir='ltr'>Ne</span> <span class='ocrx_word' id='word_1_361' title='bbox 832 3679 873 3726; x_wconf 91' lang='lat' dir='ltr'>tot</span> <span class='ocrx_word' id='word_1_362' title='bbox 893 3686 1033 3727; x_wconf 87' lang='lat' dir='ltr'>annorum</span> <span class='ocrx_word' id='word_1_363' title='bbox 1047 3668 1165 3726; x_wconf 80' lang='lat' dir='ltr'>felicita·</span> 
     </span>
     <span class='ocr_line' id='line_1_44' title="bbox 204 3744 1162 3820; baseline 0.002 -18"><span class='ocrx_word' id='word_1_364' title='bbox 204 3751 289 3802; x_wconf 86' lang='lat' dir='ltr'>“tem</span> <span class='ocrx_word' id='word_1_365' title='bbox 305 3744 333 3801; x_wconf 90' lang='lat' dir='ltr'>in</span> <span class='ocrx_word' id='word_1_366' title='bbox 349 3745 433 3802; x_wconf 88' lang='lat' dir='ltr'>unius</span> <span class='ocrx_word' id='word_1_367' title='bbox 447 3745 522 3802; x_wconf 83' lang='lat' dir='ltr'>horae</span> <span class='ocrx_word' id='word_1_368' title='bbox 537 3746 650 3804; x_wconf 89' lang='lat' dir='ltr'>dederis</span> <span class='ocrx_word' id='word_1_369' title='bbox 670 3747 834 3819; x_wconf 77' lang='lat' dir='ltr'>discrimen.</span> <span class='ocrx_word' id='word_1_370' title='bbox 874 3746 975 3810; x_wconf 83' lang='lat' dir='ltr'>Quum</span> <span class='ocrx_word' id='word_1_371' title='bbox 996 3757 1060 3804; x_wconf 92' lang='lat' dir='ltr'>tuas</span> <span class='ocrx_word' id='word_1_372' title='bbox 1080 3745 1162 3820; x_wconf 87' lang='lat' dir='ltr'>vires,</span> 
     </span>
    </p>
   </div>
   <div class='ocr_carea' id='block_1_3' title="bbox 0 0 1314 4220">
    <p class='ocr_par' dir='ltr' id='par_1_3' title="bbox 0 0 1314 4220">
     <span class='ocr_line' id='line_1_45' title="bbox 0 0 1314 4220; baseline 0 2"><span class='ocrx_word' id='word_1_373' title='bbox 0 0 1314 4220; x_wconf 95' lang='lat' dir='ltr'> </span> 
     </span>
    </p>
   </div>
  </div>
 </body>
</html>
