2632 4224
135 291 176 350 54
553 289 622 340 'I'ITI
639 291 724 342 LlVlI

137 431 343 508 pervenissent,
353 442 475 508 pergunt
489 432 556 490 inde
571 433 738 502 Collatiam3
760 431 809 488 ubi
823 431 996 504 Lucretiam,
1010 431 1100 492 haud·
1164 419 1166 423 ⁷

137 512 276 583 quaquam
305 525 336 567 ut
361 511 455 586 regias
482 531 581 577 nurus,
605 511 718 586 quasin
742 511 872 567 convivio
885 511 1009 585 luxuque
1031 531 1099 569 cum

137 587 293 661 aequalibus
308 589 436 646 viderant
450 601 561 666 tempus
582 600 716 656 terentes,
731 589 781 645 sed
798 601 882 645 nocto
897 591 960 645 sera
974 590 1099 646 deditam

135 665 208 721 lanae
224 666 296 722 inter
310 666 494 724 lucubrantes
518 668 636 724 ancillas
657 667 687 724 in
708 668 804 724 medio
828 667 932 723 aedium
953 668 1100 725 sedentem

135 742 293 800 inveniunt.
336 745 486 802 Muliebris
501 745 665 802 certaminis
678 745 739 801 laus
758 763 846 820 penes
859 745 1023 802 Lucretium
1039 746 1100 802 suit.
1121 763 1135 802 a

137 823 305 878 Adveniens
319 823 359 879 vir
375 824 581 898 Tarquiniique
603 823 715 898 excepti
740 823 882 898 benignd:
916 823 1005 880 victor
1019 824 1102 880 mari·

128 911 184 976 ,tus
205 901 324 958 comiter
346 902 445 958 invitat
473 903 567 976 regios
588 901 716 976 juvenes.
760 901 804 957 Ibi
827 902 893 958 Sex.
909 895 1101 975 Tarquinium

63 1028 65 1032 .
118 1006 120 1009 ·
137 978 212 1034 mala
225 979 313 1036 libido
327 979 468 1036 Lucretiae
489 999 538 1054 per
553 980 608 1036 vim
624 979 787 1054 stuprandae
802 979 895 1053 capit:
926 990 985 1036 tum
1001 979 1103 1054 forma,

46 1070 47 1074 ’
134 1056 194 1112 tum
209 1069 336 1131 spectata
357 1059 472 1114 castitas
483 1057 591 1114 incitat.
634 1057 671 1114 Et
691 1068 752 1113 turn
774 1057 889 1131 quidem
912 1058 947 1114 ab
961 1068 1102 1115 nocturno

91 1213 92 1216 Ἴ
132 1133 252 1209 juvenili
266 1135 333 1191 ludo
348 1135 376 1191 in
392 1147 484 1192 castra
494 1136 624 1192 redeunt.
649 1159 694 1210 y
1111 1152 1135 1190 ro

133 1276 149 1306 ²
175 1289 286 1348 LVIII.
315 1291 418 1348 Paucis
433 1291 588 1368 iuterjectis
601 1291 712 1358 diebus,
728 1292 794 1348 Sex.
809 1291 995 1366 Tarquinius,
1009 1291 1101 1350 inscio

135 1367 288 1442 Collatino,
302 1389 368 1428 curn
390 1371 494 1427 comite
519 1389 575 1427 uno
597 1370 746 1427 Collatiam
769 1369 862 1426 venit:
892 1371 940 1426 ubi
962 1381 1101 1444 exceptus

135 1445 259 1521 benigne
275 1449 310 1503 ab
325 1449 431 1524 ignaris
444 1449 566 1514 consilii,
587 1467 674 1522 quum
698 1460 761 1522 post
783 1467 896 1504 ooenam
920 1449 949 1504 in
964 1449 1101 1522 hospitale
1160 1503 1167 1510 ,

98 1556 107 1564 «
135 1524 301 1581 cubiculum
328 1527 469 1582 deductus
496 1537 581 1598 esset,
605 1545 700 1582 amore
722 1526 835 1592 ardens,
862 1541 1009 1601 postquam
1033 1527 1101 1583 satis

135 1612 196 1658 tuta
210 1603 288 1658 circii
302 1605 441 1678 sopitique
454 1624 554 1661 omnes
568 1605 745 1674 videbantur,
769 1604 866 1660 stricto
880 1605 974 1679 gladio
989 1605 1024 1660 ad
1038 1605 1134 1662 dor-15

135 1679 270 1737 mientem
285 1682 449 1738 Lucretiam
472 1683 558 1754 venit,
581 1683 749 1756 sinistrique
777 1701 864 1739 manu
886 1682 1013 1749 mulieris
1036 1701 1102 1757 pec·

89 1769 94 1778 ⁴
135 1767 197 1814 tore
211 1777 352 1834 oppresso
377 1763 395 1794 “
407 1761 499 1827 Tace,
514 1761 676 1831 Lucretia,’¹
693 1761 803 1834 inquit:
832 1765 853 1796 ‘⁵
865 1762 933 1817 Sex.
949 1760 1102 1833 Tarquini,

136 1839 293 1907 “ussum;
323 1838 427 1895 serrum
450 1839 478 1895 in
501 1859 588 1896 manu
610 1851 671 1896 est:
709 1837 840 1910 moriere,
868 1839 891 1894 si
913 1838 1102 1894 emiserisvo·

135 1917 275 1994 “cem.’L,⁸
301 1916 402 1977 Quum
426 1917 528 1991 pavida
556 1937 591 1974 ex
617 1937 716 1973 somno
743 1916 845 1972 mulier
872 1915 978 1972 nullam
1006 1935 1099 1988 opem,

136 1993 222 2068 prope
238 2006 356 2060 mortem
371 1995 578 2062 imminentem,
598 1995 725 2062 videret3
748 2005 808 2050 tum
830 1993 1005 2066 Tarquinius
1019 1993 1099 2050 fateri
1109 2010 1136 2049 ao

137 2091 272 2139 amorem,
287 2093 377 2141 orare,
399 2075 520 2130 miscere
543 2074 675 2148 precibus
700 2072 799 2141 urinas,
825 2089 935 2128 versare
957 2070 986 2126 iu
1001 2089 1101 2127 omnes

136 2161 230 2224 partes
244 2152 410 2208 muliebrem
426 2153 562 2208 animum.
603 2151 660 2208 Ubi
681 2151 851 2207 obstinatam
876 2149 999 2215 videbat,
1022 2160 1051 2205 et
1064 2167 1101 2204 ne

137 2229 236 2296 mortis
263 2229 377 2302 quidem
404 2241 481 2286 metu
506 2229 648 2295 inclinari,
673 2229 753 2284 addit
772 2229 808 2283 ad
833 2239 940 2283 metum
955 2227 1100 2284 dedecus:

137 2325 203 2361 cum
218 2309 328 2362 mortua
339 2307 500 2382 jugulatum
514 2326 624 2363 servurn
650 2307 759 2362 nudum
783 2306 947 2380 positurum,
963 2306 1010 2376 ait,
1026 2305 1100 2362 utin

137 2383 250 2440 sordido
265 2385 403 2441 adulterio
418 2396 520 2441 necata
534 2385 653 2440 dicatur.
694 2383 764 2443 Quo
778 2395 883 2439 terrore
908 2401 994 2456 quum
1018 2383 1135 2439 vicis-aa

137 2472 181 2517 aet
194 2462 364 2518 obstinatam
381 2463 546 2538 pudicitiam
568 2463 643 2518 velut
666 2461 765 2518 victrix
781 2461 879 2526 libido,
901 2460 1101 2535 profectusque

137 2539 204 2596 inde
220 2537 405 2614 Tarquinius,
429 2541 506 2598 ferox
530 2551 693 2616 expugnato
714 2540 818 2596 decore
842 2539 984 2606 muliebri,
1006 2533 1101 2608 esset;
1136 2551 1153 2580 ⁶

138 2617 283 2685 Lucretia,
298 2631 399 2676 moesta
412 2630 491 2676 tanto
515 2619 599 2686 malo,
622 2619 754 2674 nuntium
777 2618 901 2674 Romam
916 2618 1050 2696 eumdem
1061 2618 1101 2678 ,od

137 2707 258 2770 patrem,
274 2698 456 2773 Ardeamque
470 2699 506 2754 ad
521 2698 610 2754 virum
625 2697 720 2764 mittit,
742 2707 774 2753 ut
797 2715 863 2752 oum
878 2695 998 2770 singulis
1012 2695 1102 2752 fideli-

138 2765 193 2830 bril
206 2776 306 2832 amicis
321 2777 453 2832 veniant:
481 2777 520 2833 ita
534 2775 609 2832 lacto
625 2785 821 2848 maturatoque
842 2793 913 2848 opus
927 2793 989 2830 esse
998 2793 1006 2842 3
1040 2793 1100 2830 rem
1110 2788 1136 2828 a)

138 2863 263 2910 atrocem
278 2847 515 2934 incidisseXffSp.
542 2853 694 2910 Lucretius
709 2873 781 2914 ,cum
810 2851 840 2908 P.
867 2852 982 2910 Valerio
1002 2851 1100 2910 Volesi

137 2930 206 2998 filio,
222 2932 380 2989 Collatinus
395 2939 461 2989 cunt
483 2932 516 2989 L.
531 2932 619 2988 lunio
640 2931 727 2988 Bruto
740 2931 836 3000 venit;
873 2949 939 2987 cum
961 2949 1017 3004 quo
1032 2929 1101 2988 forte

138 3009 262 3068 Romam
277 3012 391 3068 redIens
406 3011 441 3068 ub
463 3011 564 3068 nuntio
589 3009 683 3066 uxoris
707 3019 768 3066 erat
788 3019 956 3066 conventus·
996 3008 1103 3066 Lucre·

137 3088 207 3144 tiam
229 3089 377 3146 sedentem
405 3101 534 3146 moestam
561 3089 591 3144 in
617 3087 750 3144 cubiculo
772 3087 942 3144 inveniunt:
977 3087 1101 3143 adventu

135 3177 253 3223 suorum
276 3167 408 3241 lacrymae
429 3168 552 3224 obortae:
592 3166 785 3240 quaerentique
808 3167 875 3236 viru,
903 3165 1033 3228 “Suti’n’
1049 3164 1136 3220 sal-aa

123 3243 158 3306 ‘'‘,‘
169 3247 230 3302 vael
241 3245 259 3272 '’
300 3250 317 3280 “
329 3245 482 3318 Minime?
497 3245 606 3319 inquit,
634 3248 651 3278 “
664 3243 731 3318 quid
746 3244 822 3300 enirn
838 3243 906 3300 salvi
922 3253 966 3300 est
979 3243 1102 3310 mulieri,

135 3327 156 3359 ⁴‘
170 3324 270 3380 amissi
285 3324 422 3399 pudicitia
435 3327 446 3379 l
488 3323 619 3398 Vestigia
633 3322 683 3379 viri
698 3322 794 3390 alieni,
810 3323 962 3393 Collatino,
985 3323 1014 3378 in
1028 3323 1103 3378 lecto

139 3406 157 3478 ‘.‘·
169 3413 236 3460 sunt
250 3413 307 3460 tuo.
349 3401 491 3459 Caeterdm
505 3420 607 3476 corpus
622 3412 664 3458 est
685 3401 799 3458 tantdrn
821 3401 966 3466 violatum,
990 3400 1103 3456 animus

139 3485 157 3518 “
170 3482 287 3538 insons:
322 3500 398 3538 mors
422 3481 501 3538 testis
527 3481 589 3536 erit.
632 3480 691 3537 Sed
718 3481 782 3536 date
809 3480 923 3535 dextras
949 3477 1101 3549 fidemque,

137 3565 157 3596 “
170 3561 246 3618 haud
260 3559 377 3634 impune
392 3560 519 3616 adultero
537 3559 606 3616 sore.
649 3559 755 3614 Sextus
779 3568 822 3614 cst
845 3555 1029 3628 Tarquinius
1053 3555 1137 3628 quin

138 3645 157 3678 ‘⁶
170 3640 257 3697 hostis
272 3658 322 3713 pro
336 3639 456 3712 hospite,
471 3639 562 3713 priore
573 3631 709 3702 nccteri,
724 3645 858 3704 armatus,
873 3633 942 3690 mihi
967 3632 1101 3707 (sibique,

139 3724 158 3756 ‘⁴
171 3719 194 3776 si
209 3737 258 3776 vos
273 3717 324 3774 viri
337 3718 418 3796 estis)
434 3716 598 3792 pestiferum
614 3714 681 3772 hinc
696 3713 810 3770 abstulit
823 3711 989 3788 gaudium.’'
1024 3710 1103 3768 Dant
