2632 4224
145 334 186 395 44
546 332 652 385 rma
702 336 755 396 r,

451 395 541 461 lt·
613 335 707 471 llll
774 383 846 462 di
907 389 959 458 Γ·

147 475 274 550 quietum
288 475 415 534 animum
430 475 602 536 stimulante.
643 472 726 536 Tulit
738 477 815 535 enim
829 489 868 556 ep*
882 478 1014 538 Romana
1027 483 1106 559 regia
1127 491 1131 501 “
1164 474 1171 502 ⁵

147 553 264 610 sceleris
277 554 379 630 tragici
392 555 565 630 exemplum,
580 567 612 612 ut
632 557 717 614 taedio
737 575 837 632 regum
849 559 987 625 maturior
997 553 1106 618 veniret

72 643 81 710 ἰ
146 631 281 698 libertas;
315 632 502 708 ultimumque
526 653 646 709 regnum
669 645 753 704 esset,
774 633 981 708 qnodlscelere
995 650 1106 712 parturn

147 707 227 765 soret.
269 708 327 766 Hic
341 709 375 766 L.
390 710 565 785 Tarquinius
587 711 693 789 (Prisci
707 712 857 787 Tarquinii
871 711 957 788 {regis
971 715 1046 772 filius
1059 735 1107 774 ne·

93 825 94 830 κ
145 803 234 860 posue
251 786 351 860 ¹suerit,
380 807 479 863 parum
506 789 612 863 liquet;
657 789 784 864 plur‘bus
810 787 906 853 tamdn
933 795 1140 867 auctoribus‚a
1223 815 1227 824 ¹

146 863 236 920 filium
262 865 416 945 ediderim)
448 866 562 924 fratrem
587 809 885 926 habuffid'Aruntem
907 868 1106 942 Tarquinium,
1138 895 1141 904 “

146 940 223 998 mitis
247 941 356 1018 ingenii
380 944 523 1018 juvenem.
579 946 634 1002 His
657 946 820 1012 duobusne
839 945 904 1004 ante
924 947 1033 1004 dictum
1053 958 1106 1014 est,

146 1018 211 1074 duaa
225 1017 339 1091 Tulliae,
353 1021 429 1096 ragis
449 1021 524 1088 filiae,
546 1033 710 1098 nupserant,
732 1035 761 1081 et
784 1024 852 1098 ipsae
873 1023 956 1098 longe
981 1025 1107 1100 dispares

146 1096 281 1152 moribus.
323 1097 408 1154 Forte
423 1099 462 1156 ita
475 1099 626 1168 inciderat,
641 1119 678 1158 ne
703 1102 760 1158 duo
783 1101 906 1159 violenta
919 1101 1036 1176 ingenia
1050 1121 1108 1158 ma·

146 1174 279 1231 trimonio
297 1174 496 1250 jungerentur,
520 1177 642 1246 fortuna,
663 1179 880 1258 credo-„populi
905 1179 1038 1254 Romani,
1052 1177 1107 1252 quo
1118 1191 1141 1230 10
1151 1139 1197 1266 χ

146 1251 309 1308 diuturnius
323 1253 414 1310 Servii
433 1274 553 1330 regnum
567 1267 652 1328 esset,
676 1253 865 1330 cobstiluique
880 1255 1002 1314 ciiitatis
1016 1275 1108 1314 mores

144 1337 269 1404 possent.
312 1331 481 1407 Augebatur
495 1333 572 1390 ferox
586 1334 693 1404 Tullia,
714 1335 784 1390 nihil
803 1334 928 1389 materiae
942 1333 971 1388 in
986 1333 1045 1388 viro
1059 1352 1108 1388 ne·

145 1425 200 1480 que
215 1407 251 1463 ad
265 1409 449 1483 cupiditatem
459 1429 551 1484 neque
565 1411 601 1466 ad
612 1411 761 1467 audaciam
776 1428 856 1478 esse3
878 1419 936 1465 tota
947 1409 975 1464 in
987 1409 1106 1464 alterum

145 1501 227 1542 versa
240 1485 439 1560 Tarquinium,
454 1505 520 1544 eum
531 1488 635 1554 mirari,
656 1506 722 1544 eum
743 1487 835 1544 virum
858 1487 964 1552 dicere,
980 1505 1018 1542 ac·
1028 1486 1107 1560 regio
1175 1547 1179 1555 ,

146 1563 402 1637 sanguine'ortum:
417 1583 550 1639 spernere
562 1583 694 1635 sororem,
703 1563 790 1639 qnod,
800 1564 888 1620 virum
898 1574 992 1634 nacta,
1007 1564 1107 1620 mulie·
1117 1575 1140 1613 15
1174 1560 1179 1568 ’

147 1640 190 1716 bri
199 1651 323 1698 cessaret
331 1642 460 1698 audacil.
482 1643 632 1700 Contrahit
641 1643 770 1699 celeriter
779 1642 934 1699 similitudo
942 1661 999 1711 eos,
1009 1653 1040 1698 ut
1048 1639 1107 1698 fere

147 1717 309 1794 lit„malum
329 1719 403 1778 malo
416 1720 613 1794 aptissimum:
644 1721 694 1776 sed
708 1720 821 1777 initium
834 1719 966 1776 turbandi
981 1719 1108 1776 omniaa
1198 1770 1200 1780 .

136 1788 262 1880 ,Joemind
284 1807 376 1853 ortum
401 1808 452 1854 est.
494 1797 546 1867 Ea,
565 1799 684 1855 secretis
704 1798 755 1854 viri
770 1797 855 1854 alieni
869 1797 1030 1855 assuefacta
1051 1816 1108 1854 ser·
1149 1835 1154 1840 -

131 1873 289 1946 *monibus
303 1873 389 1932 nullis
409 1877 558 1932 verborum
581 1876 763 1934 contumeliis
783 1893 909 1950 parcere,
935 1875 971 1931 de
992 1876 1050 1932 viro
1071 1875 1106 1930 ad

147 1950 271 2020 fratrem,
287 1953 322 2008 da
337 1971 430 2010 sorore
445 1955 481 2010 ad
495 1954 602 2024 virnm;
633 1965 662 2010 et
675 1973 706 2010 ae
719 1951 824 2010 nectitis
843 1952 967 2023 viduam,
985 1962 1014 2008 et
1027 1951 1142 2008 illum-2⁰

87 2065 89 2069 -
146 2029 278 2086 coelibem
293 2029 418 2088 futurum
433 2031 520 2088 fuisse
542 2031 726 2103 contendere,
746 2030 831 2105 quam
845 2048 911 2092 cum
930 2029 1031 2104 impari
1043 2029 1108 2104 jun·

146 2105 186 2181 gi,
201 2118 231 2164 ut
245 2109 508 2184 elanguescendum
529 2110 622 2168 atiena
646 2109 757 2185 ignavia
781 2119 864 2164 esset.
907 2107 938 2164 Si
962 2107 1016 2164 sibi
1029 2125 1106 2173 euin,

146 2203 203 2258 quo
216 2186 304 2261 digna
326 2201 410 2259 esset,
435 2188 483 2245 Dii
505 2188 651 2244 dedissent
674 2188 775 2254 virum,
795 2185 872 2244 domi
893 2205 924 2242 se
944 2185 1107 2260 propediem
1143 2232 1145 2235 .

147 2263 271 2320 visuram
285 2283 406 2339 regnum
420 2265 515 2336 fuisse,
531 2266 606 2339 quod
620 2266 694 2339 apud
709 2275 817 2338 patrem
831 2264 934 2320 videat.
970 2263 1108 2320 Celeriter
1244 2263 1249 2270 '

147 2340 359 2398 adolescentem
373 2360 431 2398 suae
446 2343 612 2399 temeritatis
626 2342 731 2417 implet.
774 2341 872 2396 Aruns
889 2341 1142 2414 Tarquinius-ers

148 2415 248 2474 Tullia
274 2420 366 2476 minor
393 2421 478 2494 prope
506 2419 679 2477 continuatis
709 2419 858 2475 funeribus
888 2436 974 2491 quum
1009 2417 1108 2474 domos

74 2505 77 2512 ‘
147 2513 252 2552 vacuas
266 2517 339 2555 novo
352 2498 532 2555 matrimonio
546 2498 691 2564 fecissent,
713 2497 872 2572 junguntur
886 2495 1002 2570 nuptiis,
1018 2495 1109 2570 magis

102 2630 106 2649 ,ι
148 2591 206 2630 non
220 2575 386 2656 prohibente
401 2575 508 2648 Servio,
523 2595 607 2651 quam
622 2576 831 2664 approbaqta.
911 2591 917 2656 J

685 2641 824 2700 edium*
1002 2660 1078 2692 't

239 2696 240 2699 ,
659 2692 702 2726 ,1
761 2715 777 2735 μ
829 2718 832 2726 ,
891 2691 973 2736 (μή,
1014 2678 1054 2728 rur
1103 2663 1108 2682 l

188 2727 313 2790 XLVII.
349 2733 427 2790 Tum
441 2731 507 2790 vend
521 2733 551 2789 in
565 2733 626 2790 dies
640 2731 767 2789 infe'stior
788 2728 1111 2800 'llullii'seriectua-in·
1210 2797 1212 2803 ᾗ
1260 2785 1263 2790 ,

149 2807 248 2866 festius
261 2811 348 2886 coepit
368 2830 487 2886 regnum
502 2830 584 2868 esse:
612 2811 670 2886 jam
685 2809 761 2868 enim
783 2810 819 2866 ab
839 2809 947 2866 scelere
969 2809 1004 2864 ad
1031 2807 1142 2864 aliudau
1294 2809 1301 2881 l

149 2898 278 2960 spectare
293 2889 393 2946 mulier
407 2889 519 2958 scelus;
553 2907 608 2958 nec
621 2899 706 2969 qocte
722 2907 786 2981 pec
801 2887 923 2957 interdiu
937 2886 1030 2956 nirpm
1042 2905 1137 2962 cop-M
1154 2917 1169 2966 :³

148 2965 296 3036 quiescere
322 2967 390 3042 pati,
421 2986 459 3024 ne
492 2959 615 3042 gratuita
647 2907 788 3041 praelerita
821 2963 972 3041 parricidia
1004 2967 1144 3036 assents„

148 3044 168 3077 “
179 3043 246 3100 Non
261 3044 314 3101 sibi
329 3044 464 3117 defuisse,
478 3045 525 3101 cui
540 3055 628 3120 nupta
641 3045 791 3120 diceretur,
815 3063 870 3101 nec
891 3062 956 3100 cnm
972 3062 1027 3117 quo
1041 3042 1138 3127 laci-3

149 3121 169 3156 “
180 3131 209 3178 ta
222 3123 354 3180 serviret:
383 3123 517 3190 defuisse,
532 3123 624 3196 quise
648 3139 736 3197 regno
759 3122 878 3198 dignum
900 3132 1030 3198 putaret:
1061 3119 1108 3193 qui
1124 3134 1144 3208 ἃ

150 3201 169 3234 “
181 3201 366 3273 meminisset,
380 3219 411 3258 se
425 3219 487 3258 esse
508 3200 598 3258 Prisci
622 3199 772 3275 Tarquinii
787 3200 897 3269 filium3
925 3198 973 3273 qui
995 3199 1109 3267 habere,
1125 3209 1131 3223 ·

150 3278 264 3353 “quam
288 3297 411 3354 sperare,
435 3297 557 3354 ragnum
578 3278 682 3335 mallet
725 3278 756 3335 Si
779 3289 810 3336 tu
832 3279 854 3334 ia
868 3297 909 3344 es,
931 3276 979 3334 cui
994 3275 1139 3364 nuptamg

150 3358 171 3392 “
182 3375 245 3413 esse
260 3375 305 3414 me
320 3357 447 3431 arbitror,
461 3370 490 3414 et
504 3357 594 3427 virum
615 3367 644 3413 et
667 3375 764 3432 regem
785 3356 914 3432 appello:
944 3355 988 3412 sin
1004 3355 1110 3422 minus,
1126 3371 1144 3436 ὲ,

151 3435 216 3492 “ed
239 3453 318 3492 nunc
340 3435 425 3511 pejus
449 3445 556 3492 mutata
576 3446 619 3492 est
641 3453 696 3501 res,
719 3434 794 3508 quod
815 3433 879 3492 istic
906 3451 973 3490 cum
999 3429 1145 3506 ignaviae

151 3516 225 3570 “est
245 3513 348 3570 scelus.
387 3511 471 3575 Quin
486 3513 668 3590 accingeris?
697 3512 765 3570 Non
779 3512 830 3570 tibi
844 3512 880 3567 ab
892 3509 1041 3574 Corintho,
1056 3525 1111 3564 nec

151 3593 220 3650 “ab
245 3590 421 3668 Tarquiniis,
446 3601 478 3649 ut
499 3591 570 3668 patri
594 3601 652 3658 tuo,
673 3590 824 3666 peregrina
844 3605 933 3662 regna
955 3585 1047 3642 moliri
1062 3600 1145 3644 ne-ao

151 3677 171 3710 “
182 3687 263 3730 cesse
277 3682 328 3728 est.
370 3670 419 3728 Dii
439 3681 468 3728 ta
490 3670 612 3727 Penates
634 3669 782 3744 patriique,
805 3677 835 3724 et
854 3665 941 3742 patris
966 3665 1069 3738 imago,
1083 3671 1112 3718 et

151 3756 171 3790 “
182 3752 285 3810 domus
304 3749 393 3827 regia,
413 3759 443 3806 et
463 3749 493 3806 in
517 3747 716 3824 domoregale
737 3746 849 3813 solium,
873 3754 903 3802 et
923 3760 1026 3800 nomen
1041 3739 1114 3798 Tar·
1211 3752 1217 3764 ⁸
