2630 4228
157 393 214 452 lto
559 389 629 440 τιτι
646 390 733 440 arvu-

154 539 282 586 nroesram
296 529 417 588 turbam.
459 529 589 588 Dictator
603 531 639 588 de
653 530 766 588 Volscis
777 528 977 619 triumphavit:
992 528 1119 586 invidiae·
1142 547 1146 550 ’

152 626 206 681 que
223 608 313 682 magis
334 608 504 681 triumphus,
526 609 609 682 quaim
624 609 720 683 gloriae
734 609 803 664 suit:
837 609 941 682 quippe
956 608 1043 675 dorni,
1058 627 1117 664 non

153 685 259 740 militia·
262 697 395 760 ,partum
410 705 496 754 eum;
518 697 670 760 actumque
692 687 727 742 de
749 687 821 752 cive,
836 705 893 742 non
908 687 944 741 de
960 685 1050 756 hoste,
1064 685 1118 742 sre-

152 763 287 819 mebant:
310 782 399 820 unum
409 727 532 820 defuisse
544 765 656 822 tantum
669 765 819 839 superbie,
828 765 903 838 quod
915 783 972 820 non
982 763 1023 818 M.
1035 759 1140 821 Man-

151 840 206 896 lius
221 851 287 896 ante
302 860 417 898 currum
432 842 468 898 sit
481 841 593 898 duetus.
635 842 758 916 Jamque
773 843 849 898 haud
864 841 963 916 procul
978 841 1116 898 seditione
1138 852 1151 890 ⁵

152 931 197 974 res
221 931 302 988 erat3
336 920 418 995 euJ'us
431 917 572 978 leniendae
591 939 687 987 causa,
709 921 870 994 postulante
891 920 979 986 nullo,
999 919 1117 994 largitor

152 997 327 1054 voluntarius
340 997 456 1072 repente
478 1009 594 1054 senatus
615 999 715 1068 sactae,
739 997 881 1054 Satricum
903 997 1044 1054 coloniam
1059 998 1118 1056 duo

151 1075 240 1146 millia
255 1075 358 1132 civium
375 1076 572 1132 Romanorum
587 1077 692 1134 deduci
703 1077 806 1152 jussit:
839 1077 908 1138 bina,
917 1076 1019 1152 jugera
1032 1085 1061 1131 et
1074 1094 1118 1131 se-

151 1153 251 1208 misses
270 1153 338 1228 agri
366 1154 512 1229 assignati,
559 1154 648 1216 Quod
675 1175 761 1228 quum
782 1165 811 1211 et
832 1164 998 1230 parvum‘et
1018 1153 1118 1227 paucis

151 1231 260 1302 datum,
273 1243 303 1286 et
314 1233 476 1307 mercedem
487 1251 553 1289 esse
567 1233 706 1307 prodendi
726 1233 769 1291 M.
783 1232 885 1288 Manlii
897 1233 1118 1304 'interpretaren
1130 1239 1152 1278 1⁰

150 1320 213 1376 tur3
235 1310 361 1366 remedio
376 1309 500 1366 irritatur
514 1311 635 1367 seditio:
656 1321 686 1368 et
697 1311 757 1384 jam
772 1310 862 1384 magis
877 1310 998 1384 insignis
1019 1319 1047 1364 et
1061 1329 1119 1380 sor·

151 1386 235 1442 dibus
248 1397 277 1443 et
292 1387 364 1444 faeie
379 1407 491 1444 reorum
505 1389 588 1444 turba
604 1388 751 1458 Manliana
764 1399 842 1457 erat;
865 1400 1040 1460 amotusque,
1056 1397 1119 1461 post

151 1465 326 1539 triumphurn
341 1463 521 1522 abdicatione
535 1467 693 1533 dictaturae,
718 1477 807 1522 terror
825 1477 853 1522 et
868 1466 995 1541 linguam
1009 1477 1037 1522 et
1059 1463 1118 1520 ani·

152 1561 213 1598 mos
227 1543 396 1600 liberaverat
410 1544 576 1600 hominum·

190 1699 290 1756 XVII.
313 1701 535 1770 Audiebantur
526 1716 620 1776 itaque
632 1702 776 1778 propalam
785 1721 869 1760 voces
885 1699 1117 1776 exprobrantium
1129 1711 1153 1750 1⁵

151 1778 336 1846 multitudini,
367 1779 471 1854 “qubd
486 1781 650 1838 defensores
671 1801 737 1858 suos
758 1800 869 1855 semper
891 1780 920 1836 in
942 1779 1118 1854 praecipitem

152 1865 171 1892 “
182 1856 278 1913 locum
291 1857 385 1914 favore
406 1858 494 1930 tnllat,
509 1860 636 1916 deinde
630 1880 658 1916 rn
674 1860 735 1934 ipso
756 1859 920 1916 discrimine
935 1857 1054 1932 periculi
1070 1857 1118 1912 de·

152 1935 289 1992 “stituat
332 1937 382 1993 Sic
397 1938 446 2011 Sp.
462 1905 626 2008 C'assiums
620 1957 649 1994 rn
670 1957 753 2012 agros
773 1933 886 2026 plebem
900 1946 1060 2006 vocantem,
1076 1934 1118 1990 sic

153 2023 171 2048 “
185 2014 233 2087 Sp.
250 2015 385 2082 lllaelium,
401 2016 437 2071 ab
449 2035 498 2072 ore
520 2015 625 2072 civium
648 2016 751 2072 samem
772 2015 831 2072 suis
850 2013 986 2089 impensis
1006 1981 1119 2087 prdpul-

152 2097 293 2148 “sentem
297 2111 485 2183 ,oppressos3
517 2094 559 2149 sic
575 2095 613 2149 lll
629 2093 780 2165 Manlium,
802 2111 923 2149 mersam
946 2102 975 2148 et
987 2091 1154 2150 obrutamao

153 2181 171 2207 ¹
185 2170 292 2228 loenore
301 2184 409 2260 partem
421 2172 543 2228 civitatis
555 2171 583 2227 in
595 2171 753 2228 libertatern
763 2191 797 2228 ac
807 2171 901 2227 lucem
910 2167 1116 2234 extrahentem,

153 2257 171 2282 “
184 2249 358 2322 proditnm'
351 2250 484 2306 inimicis
532 2249 672 2324 Saginare
693 2249 805 2324 plebem
827 2248 976 2337 populares
990 2262 1066 2318 suos,
1087 2257 1119 2302 ut

154 2334 173 2360 “
182 2325 358 2400 jugulentur.
401 2327 533 2384 Hocoine
548 2327 712 2401 patiendum
735 2327 831 2394 luisse,
854 2346 879 2382 sr
871 2327 928 2381 ad
943 2336 1044 2381 nutum
1058 2293 1118 2380 ilic-

153 2403 283 2458 “tatoris
298 2421 355 2460 non
377 2405 554 2478 responderit
574 2405 616 2462 vir
637 2405 820 2462 consularisl
861 2404 1019 2478 Fingerent
1040 2421 1119 2458 men·

155 2481 267 2536 “titum
284 2481 358 2548 ante,
375 2493 457 2556 atque
471 2482 534 2539 ideo
558 2503 615 2539 non
641 2483 783 2550 habuisse,
802 2483 876 2558 quod
892 2494 952 2538 turn
967 2479 1154 2554 responde-es

166 2568 245 2614 ‘retz
267 2559 315 2614 cui
330 2579 410 2616 servo
423 2580 548 2634 unquam
572 2561 716 2618 mendacii
738 2580 851 2636 poenam
872 2559 987 2616 vincula
1006 2559 1118 2614 suisset

154 2648 172 2672 ·‘
185 2637 252 2694 Non
277 2637 452 2694 obversatam
473 2655 536 2696 esse
552 2639 716 2696 memoriam
736 2639 827 2696 noctis
848 2639 932 2708 illius,
953 2651 1016 2710 que
1038 2654 1119 2710 paene

155 2725 173 2751 “
186 2716 285 2773 ultima
298 2727 381 2790 atque
396 2728 502 2774 aeterna
516 2718 625 2774 nomini
617 2717 773 2774 'Romano
787 2717 894 2773 fuerit?
920 2735 977 2772 non
993 2715 1119 2789 speciem

155 2794 308 2870 “agminis
322 2795 479 2860 Gallorum,
494 2815 543 2870 per
558 2796 712 2871 Tarpejam
726 2813 824 2870 rupem
840 2793 1027 2850 scandentisl
1061 2811 1119 2848 non

154 2873 273 2948 “ipsius
289 2873 328 2929 M.
345 2873 458 2962 Manlii,
473 2874 584 2947 qualern
609 2893 675 2930 eurn
697 2883 858 2944 armatum,
855 2873 985 2946 plenum
1008 2870 1120 2927 sudoris

155 2961 173 2987 “
186 2951 387 3026 acsanguinis‚
405 2952 556 3026 ipsopaene
570 2952 640 3008 Jore
650 2962 747 3026 erepto
754 2968 789 3007 ex
800 2951 921 3007 hostiurn
930 2947 1106 3015 manibus,
1082 2967 1120 3004 vr·
1108 2962 1154 3002 -ao

155 3039 173 3065 ‘⁴
186 3031 295 3088 dissent
306 3032 317 3087 l
341 3029 494 3088 Selibrisne
506 3029 586 3086 farris
597 3031 716 3105 gratiam
728 3029 863 3086 servatori
874 3029 970 3102 patriae
982 3027 1119 3084 relatarnl

155 3117 214 3164 “et
228 3127 312 3182 quem
326 3128 413 3183 prope
402 3107 586 3177 coelestem,
604 3108 774 3198 cognomine
788 3105 864 3164 certe
881 3105 1042 3181 Capitolino
1056 3104 1120 3161 Jovi

157 3196 175 3222 ‘⁶
188 3205 294 3262 parem,
311 3187 440 3258 fecerint,
455 3205 521 3243 eurn
536 3187 593 3261 pati
617 3185 744 3244 vinctum
759 3187 788 3242 in
802 3203 927 3254 earcere,
940 3185 969 3240 in
984 3183 1120 3254 tenebris,

157 3265 338 3322 “obnoxiam
353 3233 496 3321 carnificis
515 3265 630 3322 arbitrio
651 3267 757 3322 ducere
778 3231 927 3321 animaml
983 3261 1102 3318 Adeo
1090 3280 1119 3316 ru

157 3353 175 3379 ‘⁶
188 3363 246 3400 uno
259 3344 392 3400 omnibus
406 3343 474 3399 satis
489 3343 588 3400 auxilii
604 3344 699 3410 luisse,
714 3343 821 3400 nullam
836 3361 919 3416 opem
934 3341 963 3398 in
978 3355 1035 3396 tarn
1051 3338 1120 3412 rnul-
1129 3352 1154 3391 ³⁵

157 3422 224 3478 “tis
238 3421 414 3478 uniessel”
456 3421 520 3476 Jam
543 3441 580 3478 ne
599 3434 685 3478 nocte
706 3421 820 3496 quidem
842 3421 925 3476 turba
945 3439 981 3475 ex
1002 3437 1037 3475 eo
1058 3417 1120 3474 loeo

156 3500 344 3588 dilabebatur,
374 3496 600 3592 refracturpsque
621 3519 766 3556 carcerem
784 3499 988 3566 minabantur3
1023 3493 1120 3570 quum,

156 3579 274 3636 remisso
287 3598 322 3635 eo
336 3579 411 3652 quod
426 3578 548 3652 ereptdri
563 3585 653 3650 erant,
675 3597 710 3634 ex
723 3577 980 3634 aenedas-consulto
996 3574 1121 3630 Manlius

156 3657 277 3712 vinculis
291 3656 444 3713 liberatur:
474 3676 539 3730 quo
544 3657 619 3712 facto
633 3673 689 3712 non
714 3655 828 3710 seditio
837 3655 926 3720 linita,
942 3655 991 3710 sed
1006 3654 1065 3708 dux
1078 3670 1122 3707 se-

158 3733 260 3790 ditioni
275 3735 358 3790 datus
371 3745 421 3790 est
466 3734 520 3790 Per
534 3735 648 3790 eosdem
664 3733 725 3788 dies
750 3732 860 3788 Latinis
883 3743 912 3786 et
927 3731 1073 3799 Hernicis,
1085 3729 1121 3785 si·
1109 3741 1156 3780 -to

158 3812 215 3870 mul
231 3813 339 3868 colonis
354 3811 568 3886 CireeJ'ensibus
582 3821 610 3866 et
625 3830 641 3867 a
655 3810 781 3880 Veliam,
806 3810 994 3884 purgantibus
1009 3828 1039 3865 se
1054 3776 1121 3865 tiol-
