2632 4224
131 341 173 402 52
530 337 600 388 τιτι
616 340 702 390 mvn

132 481 285 542 tendebat:
306 481 392 556 idque
413 481 454 538 ita
473 481 612 540 cecinere
633 492 721 555 vates,
744 483 848 558 quique
870 483 900 541 iu
922 483 992 542 urbe
1006 495 1097 554 eraut,

132 579 258 636 quosque
272 561 308 616 ad
330 579 393 616 eam
415 579 478 633 ‚rem
500 561 717 618 consultandam
740 581 777 619 ex
797 561 911 619 Etruria
926 564 1097 637 acciverant.

133 639 298 713 Augebatur
320 639 356 694 ad
381 638 524 712 impensas
551 639 626 714 regis
653 639 774 696 animus.
816 639 916 715 Itaque
942 642 1099 698 Pometinae

85 729 87 732 ·
131 717 286 788 manubiae,
299 735 362 790 quae
377 717 561 791 perducendo
575 718 611 773 ad
626 718 741 784 culmen
754 719 833 794 operi
844 720 993 776 destinatae
1007 731 1098 788 eraut,

133 793 179 850 vix
194 794 223 850 in
239 795 426 866 fundamenta
439 795 666 870 suppeditavere.
709 795 751 852 Ed
763 797 854 872 magis
869 797 970 864 Fabio,
985 810 1100 872 praetcr-
1120 808 1133 847 ⁵

130 890 216 946 quam
230 873 307 946 qudd
327 873 466 947 antiquior
487 886 539 942 est,
562 874 742 944 crediderim,
766 876 975 951 quadringenta
993 895 1027 932 ea
1041 877 1101 932 sola

117 950 358 1030 “talentalluisse
381 951 466 1026 quam
488 951 594 1022 Pisoni,
617 952 665 1026 qui
686 953 874 1028 quadraginta
896 954 984 1010 millia
1005 929 1133 1028 penduli

88 1029 242 1104 ,vergenti
257 1030 380 1104 seposita
394 1031 423 1086 in
445 1048 509 1086 eam
531 1049 591 1086 rem
613 1031 721 1102 scribit,
745 1051 885 1088 summam
907 1032 1101 1106 pecuniane·
1140 1086 1144 1095 ,
1174 1096 1178 1104 ,

131 1125 186 1179 que
208 1126 244 1162 ex
268 1108 353 1163 unius
374 1118 433 1164 turn
452 1108 536 1164 'urbis
557 1109 655 1182 praedd
676 1109 855 1184 sperandam,
880 1121 909 1166 et
928 1110 1048 1178 nullius,
1063 1129 1101 1168 ne

7 1171 115 1290 12:434}
124 1183 363 1319 troruquutdem
387 1185 608 1261 magnificentie
618 1206 755 1286 koperumJ
778 1187 965 1245 fundamenta
983 1207 1040 1246 non
1054 1147 1153 1246 err-1⁰(

131 1280 335 1337 superauram.

147 1419 252 1482 ,LVl.
286 1421 420 1478 Intentus
445 1421 621 1496 perficiendo
648 1423 763 1497 templo,
792 1422 879 1480 fabris
905 1423 1030 1498 undique
1063 1443 1101 1481 ex

48 1552 56 1578 Α.
135 1497 251 1555 Etruria
266 1499 377 1570 accida,
392 1519 448 1557 nou
464 1501 588 1574 pecunia
608 1501 702 1558 solum
725 1502 761 1557 ad
784 1501 813 1558 id
827 1501 943 1576 publica
957 1514 998 1558 est
1022 1523 1099 1570 usus,

51 1587 106 1618 *Ἣ
123 1577 183 1648 ‘ded
195 1578 289 1651 operis
303 1578 388 1634 etiam
404 1597 439 1634 ex
458 1578 558 1652 plebe:
592 1580 639 1652 qui
663 1599 750 1654 quum
775 1581 851 1636 haud
873 1599 977 1656 parvus
999 1581 1100 1656 etipse
1117 1574 1121 1584 ’

136 1656 244 1712 militiae
259 1657 410 1714 adderetur
431 1656 520 1728 labor,
541 1657 641 1714 minus
657 1669 760 1714 tamen
782 1657 1135 1734 plebsgravabatur,se15

134 1734 241 1808 templa
254 1733 346 1790 Deum
362 1735 541 1791 exaedificare
557 1736 688 1792 manibus
709 1736 785 1792 suis:
815 1757 877 1811 quae
891 1738 1009 1812 posthac
1022 1749 1051 1794 et
1065 1738 1100 1794 ad

134 1813 198 1878 alia,
214 1824 246 1870 ut
260 1813 355 1886 specie
371 1814 488 1882 minora,
511 1813 553 1870 sic
575 1814 679 1871 laboris
701 1814 846 1888 aliquanto
869 1815 993 1890 majoris,
1008 1816 1102 1872 tradu-

133 1891 217 1957 cebat
240 1910 369 1964 ropera3
392 1891 465 1948 soros
480 1891 508 1948 in
527 1893 606 1950 circo
630 1893 786 1959 faciendos,
809 1893 992 1966 cloacamque
1015 1893 1102 1948 maxi·

136 1987 222 2040 mam,
238 1970 449 2043 receptaculum
465 1971 593 2026 omnium
607 1982 859 2045 purgamentorum
874 1970 961 2034 urbis,
981 1971 1033 2026 sub
1048 1981 1102 2026 ter-

134 2065 196 2104 ram
211 2049 370 2123 agendam:
391 2048 494 2122 quibus
508 2048 766 2122 duobusoperibus
788 2048 835 2104 vix
857 2065 930 2103 nova
948 2048 1010 2104 haec
1024 2063 1136 2124 mag-att

134 2125 285 2183 uiticentia
298 2126 451 2200 quidquam
475 2126 624 2199 adaequare
648 2125 747 2200 potuit.
790 2125 845 2182 His
866 2125 1009 2182 laboribus
1023 2145 1103 2182 erer-

139 2205 195 2261 cita
210 2205 302 2278 plebe,
318 2205 384 2278 quia
398 2216 425 2260 et
441 2205 504 2260 urbi
525 2204 748 2275 multitudinem,
773 2204 821 2260 ubi
846 2223 914 2260 usus
937 2223 993 2260 uon
1018 2215 1101 2275 esset,

134 2284 215 2340 oneri
230 2283 344 2338 rebatur
359 2301 432 2352 esse,
456 2293 485 2337 et
506 2281 615 2338 colonis
639 2281 786 2337 mittendis
799 2282 934 2355 occupari
955 2281 1038 2338 latids
1052 2283 1104 2338 im·

134 2362 206 2438 perii
234 2361 306 2418 fines
333 2359 462 2427 volebat3
478 2399 480 2402 -
497 2359 626 2434 Signiam
655 2359 839 2434 Circejosque
867 2359 983 2416 colonos
1016 2359 1102 2426 misit,

136 2440 268 2516 praesidia
282 2438 345 2494 urbi
361 2438 455 2494 sutura
467 2438 541 2494 terrai
556 2439 691 2510 marique.
734 2437 807 2494 Haec
831 2437 927 2511 agenti
941 2448 1138 2512 portentumat

135 2518 260 2584 terribile
276 2517 384 2584 visum;
414 2516 527 2591 anguis,
549 2535 584 2572 ex
606 2515 741 2572 columna
763 2515 857 2589 lignea
879 2515 1000 2589 elapsus,
1015 2535 1103 2589 quum

137 2610 271 2654 terrorem
287 2597 441 2671 fugantque
457 2595 485 2650 in
500 2595 608 2670 regiam
626 2593 750 2665 lecisset,
775 2593 863 2667 ipsius
885 2594 960 2668 regis
974 2605 1103 2651 nontam

137 2677 230 2746 subito
254 2693 355 2750 pavore
369 2673 499 2748 »perculit
521 2683 630 2748 pectus,
653 2672 736 2746 quim
760 2673 852 2728 anxiis
872 2672 996 2746 implevit
1017 2673 1103 2729 euris.
1188 2703 1193 2710 ·

137 2744 238 2828 Itaque
252 2753 390 2828 quumad
405 2751 520 2827 publica
540 2751 671 2826 prodigia
694 2750 808 2807 Etrusci
830 2751 943 2807 tantum
964 2762 1041 2806 vates
1056 2752 1104 2807 ad-

135 2832 389 2912 ltibereutur,-4hoo¹
399 2831 475 2886 velut
488 2831 645 2886 domestico
669 2831 820 2886 exterritus
842 2829 912 2898 visu,
929 2828 1054 2903 Delphos
1068 2829 1138 2885 adet

136 2911 259 2988 maxime
274 2909 420 2984 inclytum
443 2909 471 2964 in
496 2909 578 2964 torris
599 2908 747 2966 oraculum
769 2909 881 2966 mittere
907 2907 1021 2964 statuit:
1055 2927 1105 2966 na-

137 3008 192 3062 que
220 3007 356 3064 responsa
383 2987 499 3044 sortium
536 2987 584 3044 ulli
613 2987 661 3042 alii
691 2987 868 3044 committere
903 3005 1000 3056 ausus,
1035 2987 1105 3044 duos

138 3067 212 3124 filios
226 3086 275 3140 per
295 3067 406 3142 ignotas
427 3065 462 3122 etl
478 3076 651 3140 ‘tempestate
675 3075 775 3132 terras,
801 3065 942 3140 ignotiora
962 3065 1059 3134 maria,
1075 3065 1105 3120 in

139 3145 280 3202 Graeciam
297 3145 382 3200 misit.
425 3145 511 3201 Titus
519 3141 553 3200 'et
562 3145 665 3200 -Aruns
683 3143 819 3218 profecti:
849 3162 953 3200 comeo.
968 3143 1012 3198 his
1026 3143 1106 3199 addi-

138 3233 185 3281 tus
196 3223 229 3280 L.
245 3223 263 3279 J
266 3223 350 3279 unius
361 3222 475 3292 Brutus,
497 3222 656 3296 Tarquinii
680 3241 774 3280 sorore
796 3221 873 3297 regis
886 3218 981 3292 natti's',
993 3221 1140 3296 juvenisa

139 3301 223 3377 longe
238 3301 309 3358 alius
325 3301 451 3375 ingenio,
462 3301 547 3374 quam
562 3301 644 3376 cujus
659 3301 869 3358 simulationem
885 3301 1033 3370 induerat:
1066 3300 1105 3368 Is,

139 3399 226 3454 quum
243 3380 379 3454 primores
393 3379 526 3450 civitatiS,
541 3378 569 3434 iu
584 3379 687 3452 quibus
701 3380 814 3437 fratrem
833 3399 916 3436 suum
931 3379 967 3436 ab
981 3397 1106 3434 avuncu-

139 3459 167 3516 lo
182 3458 363 3514 interfectum
379 3457 514 3523 audisset,
530 3476 622 3530 neque
644 3459 673 3515 in
697 3459 793 3516 animo
811 3479 863 3515 suo
876 3457 1029 3530 quidquam
1045 3455 1104 3530 regi

140 3537 310 3602 timendum,
338 3555 432 3610 neque
454 3535 483 3592 in
513 3535 624 3592 fortuna
654 3537 917 3612 concupiscendum
946 3533 1106 3606 relinquere
1130 3535 1135 3555 ”

116 3631 125 3646 ⁴
141 3616 248 3688 statuit,
263 3626 483 3690 contemptuque
498 3625 576 3672 tutus
589 3634 660 3685 esse,
685 3616 732 3672 ubi
748 3615 777 3672 in
789 3615 853 3689 jure
867 3631 966 3687 parum
981 3611 1105 3685 praesidii
1115 3623 1141 3662 ⁴⁰

87 3735 93 3740 -
119 3695 225 3752 ‘esset
268 3693 346 3769 Ergo
369 3713 405 3750 ex
427 3694 567 3750 industria
591 3693 683 3750 factus
706 3695 742 3749 ad
765 3691 951 3748 imitationem
969 3689 1105 3762 stultitiae,

112 3849 125 3863 Ἴ
141 3792 229 3848 quum
242 3791 273 3830 se
288 3791 393 3848 suaque
407 3773 586 3856 praedaeqesse
600 3773 660 3849 regi
674 3772 790 3838 sineret,
805 3769 885 3826 Bruti
904 3787 1014 3845 quoque
1029 3769 1107 3826 haud

181 3870 183 3879 ·
245 3902 249 3910 ,
292 3874 296 3882 ’
326 3851 367 3903 f
442 3891 446 3899 .
508 3864 516 3890 2
543 3870 568 3917 ,a
