2630 4228
449 407 451 411 Ι
501 329 608 382 mssa
623 329 695 384 XXI.
728 345 790 383 aar.
800 345 846 384 xv.
1066 345 1067 348 ¹
1100 339 1159 400 175

193 469 339 546 “tamque
351 477 447 544 omne,
461 475 608 551 publicum
621 475 827 550 privatumque,
848 473 884 532 ad
897 493 928 533 se
939 473 1024 550 jubet
1032 475 1157 538 deferri:

194 548 378 627 “conjugum
399 564 546 628 vestraque
570 571 688 627 corpora
702 571 736 610 ac
756 553 909 610 liberorum
923 561 1078 612 vestrorum
1099 575 1158 613 ser·

194 628 269 686 “vat
282 629 425 698 inviolata,
447 631 471 688 si
490 631 613 687 inermes
626 649 693 689 cum
718 631 793 686 binis
813 630 990 688 vestimentis
1010 631 1106 688 velitis
1119 634 1156 690 ab

194 704 352 782 “Sagunto
366 708 454 765 exire.
497 708 569 764 Haec
583 708 673 764 victor
692 708 780 764 hostis
794 709 921 782 imperat.
963 709 1044 779 Hes,
1058 727 1156 784 quam·

171 784 305 860 s“quum
320 786 377 842 sint
389 786 487 860 gravia
506 796 589 860 atque
611 785 723 852 acerba,
749 785 861 842 fortuna
884 795 976 842 vestra
993 787 1072 844 vobis
1092 807 1156 846 sua-

194 863 213 898 “
221 863 278 920 det.
319 863 460 938 Equidem
475 864 551 920 haud
575 861 703 938 despero,
726 881 814 937 quum
835 863 963 920 omnium
981 873 1104 937 potestas
1127 865 1155 924 ei

193 941 213 976 “
222 941 297 998 iacta
311 941 355 1011 sit,
370 941 475 1015 aliquid
503 959 541 997 ex
564 939 609 996 his
630 939 715 996 rebus
728 941 921 997 remissurum.
963 941 1020 997 Sed
1035 942 1079 998 vel
1093 944 1156 1000 hoec

193 1019 355 1093 “patienda
381 1037 494 1075 censeo·
511 1018 618 1093 potius,
645 1017 729 1091 qudm
756 1017 892 1074 trucidari
915 1036 1034 1093 corpora
1053 1029 1156 1093 vestra,

193 1097 281 1170 “rapi
294 1097 423 1170 trahique
437 1106 503 1153 ante
516 1101 566 1152 ora
587 1106 679 1152 vestra
689 1095 827 1171 conjuges
841 1113 876 1152 ac
889 1094 993 1152 liberos
1006 1095 1073 1154 belli
1090 1097 1155 1174 jure

160 1172 348 1231 1⁰“sinatis.”
376 1188 379 1194 ’

193 1377 195 1380 .
231 1327 315 1388 XIV.
349 1328 397 1386 Ad
424 1328 487 1386 h'aec
514 1326 667 1395 audienda,
693 1345 792 1404 quum,
819 1329 993 1387 circumfusa
1019 1330 1155 1406 paulatim

192 1405 381 1478 multitudine,
395 1409 566 1482 permixtum
580 1407 691 1464 senatui
705 1417 780 1464 esset
793 1407 887 1482 populi
906 1408 1060 1472 concilium
1073 1428 1080 1478 3
1111 1428 1156 1466 re·

193 1485 278 1561 pente
292 1485 438 1560 primores,
453 1485 614 1542 secessione
629 1485 713 1556 saon,
738 1484 912 1562 (priusquam
926 1503 1092 1560 responsum
1106 1487 1155 1544 da·

192 1563 283 1640 retur)
299 1573 449 1636 argentum
463 1581 618 1636 aurumque
631 1581 726 1628 omne,
751 1562 925 1637 ert-publico
947 1563 1110 1638 privatoque
1124 1564 1154 1621 in

159 1650 183 1691 ta
192 1639 283 1698 ibrum
297 1631 441 1712 cassetum,
456 1640 597 1714 inignem
612 1639 691 1696 adid
710 1639 811 1713 raptim
836 1640 942 1696 sactum
957 1641 1153 1716 conjicientes,

190 1716 436 1792 eddemplerique
458 1728 548 1774 semet
572 1717 625 1792 ipsi
645 1714 900 1792 precipitaverunt.
940 1717 1043 1778 Quum
1063 1737 1100 1776 ex
1119 1738 1154 1777 eo

190 1801 276 1870 pavor
298 1813 332 1853 ac
356 1795 504 1869 trepidatio
513 1804 605 1852 'totam
619 1795 718 1851 urbem
742 1795 919 1869 pervasisset,
941 1795 1013 1852 alius
1036 1797 1153 1872 insuper

189 1873 328 1930 tumultus
339 1891 378 1934 ex
393 1891 459 1929 arce
474 1873 594 1929 auditur.
630 1872 738 1928 ¹'I'urris
751 1873 801 1928 diu
822 1883 954 1946 quassata
973 1874 1152 1948 procideret:

189 1969 295 2026 perque
322 1951 434 2007 ruinam
460 1951 523 2025 'ejus
548 1951 651 2017 cohors
674 1949 826 2006 Poenorum
847 1950 955 2025 impetu
977 1951 1052 2008 facto
1066 1970 1154 2026 quum

134 2028 304 2104 stagnum
319 2027 481 2102 imperatori
499 2028 634 2100 dedisset,
658 2028 793 2095 nudatam
815 2028 983 2085 stationibus
1005 2029 1155 2085 custodiis·

189 2120 245 2180 que
269 2105 358 2164 solitis
382 2106 508 2162 hostium
528 2123 591 2162 esse
612 2105 732 2173 urbem‘3
765 2125 823 2162 non
850 2105 1045 2162 cunctandum
1061 2106 1090 2162 in
1103 2106 1153 2163 tali

190 2181 342 2241 occasione
369 2193 446 2239 ratus
474 2183 627 2253 Hannibal,
654 2183 720 2240 totis
745 2183 850 2240 viribus
871 2201 1022 2258 aggressus
1042 2183 1153 2256 urbem,

190 2271 335 2318 momento
348 2259 434 2334 cepit,
448 2260 530 2334 signo
544 2261 619 2326 dato,
643 2271 675 2317 ut
696 2257 797 2318 omnes
817 2261 938 2336 puberes
960 2261 1154 2318 interficeren-

190 2349 254 2396 tur:
284 2338 358 2412 quod
378 2338 527 2412 imperium
551 2337 682 2409 crudele,
701 2337 834 2396 caeterum
858 2338 943 2413 prope*
958 2339 1153 2396 necessarium

156 2416 337 2492 sscognitum
352 2415 412 2490 ipso
425 2427 531 2472 eventu
545 2426 596 2472 est.
617 2437 619 2442 ⁴
638 2416 694 2473 Cui
708 2416 786 2472 enim
800 2416 878 2490 parci
891 2417 983 2490 potuit
993 2435 1030 2473 ex
1044 2417 1089 2484 iis,
1103 2416 1152 2492 qui

190 2505 240 2551 aut
250 2494 354 2550 incl-usi
367 2513 434 2549 cum
449 2493 618 2568 conjugibus
632 2511 667 2550 ac
691 2493 787 2550 liberis
800 2494 898 2550 domos
920 2511 1004 2568 super
1025 2514 1056 2551 se
1076 2495 1152 2570 ipsos

190 2582 453 2640 concremaverunt,
480 2575 536 2628 aut'
556 2569 655 2628 armati
682 2571 791 2628 nullum
823 2571 888 2627 ante
920 2571 1007 2628 finem
1037 2591 1153 2648 pugnae,
1193 2566 1195 2571 ’

169 2653 171 2658 ’
189 2648 275 2724 quam
289 2649 451 2721 morientes,
465 2648 617 2706 fecerant!
648 2665 665 2699 ο

231 2804 299 2863 XV.
333 2805 455 2879 Captum
469 2805 604 2880 oppidum
618 2815 662 2864 est
675 2823 740 2862 cum
764 2803 872 2880 ingenti
896 2802 1001 2880 praeda.
1042 2803 1153 2866 Quam·

156 2897 272 2958 taquam
286 2883 419 2958 pleraque
434 2883 469 2938 ab
488 2883 610 2940 dominis
628 2885 664 2939 de
679 2883 815 2940 industrii
830 2893 961 2958 corrupta
974 2893 1065 2949 erant,
1079 2893 1108 2939 et
1122 2883 1152 2940 in

189 2962 317 3018 caedibus
331 2961 377 3018 vix
392 2961 480 3016 ullum
492 2960 646 3018 discrimen
661 2961 750 3017 aetatis
761 2961 803 3017 ira
816 2960 932 3032 fecerat,
946 2972 975 3017 et
985 2960 1088 3034 captivi
1100 2960 1152 3017 mi·

188 3039 270 3096 litum
283 3039 379 3113 praeda
393 3038 522 3107 fuerant3
551 3049 646 3096 tamen
660 3049 738 3095 etex
752 3039 841 3114 pretio
865 3055 959 3094 rerum
973 3037 1151 3095 venditarum

189 3117 363 3191 aliquantum
377 3117 506 3190 pecuniae
520 3117 667 3174 redactum
678 3135 741 3172 esse
755 3125 876 3186 constat,
887 3126 916 3172 et
924 3115 1040 3172 multam
1050 3115 1152 3192 pretio·
1198 3132 1200 3136 ’

189 3213 249 3250 sam
264 3194 469 3269 supellectilem
483 3207 645 3268 vestemque
658 3194 771 3250 missam
786 3193 999 3268 Carthaginem.
1040 3193 1152 3252 Octavo

154 3287 180 3327 so
189 3291 297 3338 mense,
311 3271 394 3346 quarn
409 3283 533 3346 coeptum
545 3271 712 3347 oppugnari,
724 3281 837 3346 captum
853 3272 1023 3346 Saguntum,
1036 3273 1151 3346 quidam

188 3351 345 3426 scripsere:
366 3350 433 3408 inde
447 3349 651 3424 Carthaginem
663 3350 774 3407 Novam
788 3349 818 3406 in
827 3350 946 3406 hiberna
958 3350 1150 3408 Hannibalem

188 3429 382 3486 concessisse:
416 3428 516 3502 quinto
541 3429 645 3484 deinde
672 3447 780 3494 mense,
807 3427 892 3502 qudm
919 3429 956 3485 ab
976 3428 1150 3504 Carthagine

191 3507 333 3582 profectus
347 3507 393 3579 sit,
408 3506 444 3562 in'
460 3505 570 3562 Italiam
588 3506 758 3581 pervenisse.
798 3505 875 3567 Quae
898 3507 922 3563 si
945 3507 985 3564 ita
998 3518 1073 3574 sunt,
1088 3507 1150 3564 fieri

189 3587 252 3641 non¹
269 3585 368 3658 potuit,
390 3595 422 3641 ut
445 3583 476 3640 P.
498 3585 658 3656 Cornelius,
682 3585 731 3641 Ti.
747 3585 932 3660 Sempronius
945 3584 1077 3642 consules
1090 3584 1150 3639 fue-

154 3662 255 3731 tarint,
280 3663 315 3718 ad
337 3681 407 3736 quos
426 3671 456 3720 et
478 3663 619 3738 principio
644 3663 862 3738 oppugnationis
888 3662 974 3737 legati
996 3660 1149 3736 Saguntini

163 3749 166 3760 '
190 3741 268 3798 missi
284 3741 351 3809 sint,
364 3742 452 3816 etqui
467 3741 495 3798 in
510 3759 561 3798 suo
575 3741 740 3818 magistratu
759 3759 826 3798 cum
841 3739 1015 3807 Hannibale,
1030 3738 1099 3795 alter
1113 3739 1149 3796 ad
