2632 4224
529 339 633 392 LIBER
648 341 682 391 11.
715 353 776 390 car.
790 355 822 390 rr.
1116 348 1158 410 50

205 474 271 542 '‘11.
293 439 524 542 iteruriiiiude
538 482 698 540 divinarum
713 481 810 540 habita
827 499 915 540 cura:
949 493 986 556 et,
1001 485 1068 560 quia
1080 505 1158 561 qure-

188 580 255 624 <,am
270 562 387 638 publica
400 579 480 617 sacra
494 580 543 635 per
563 561 638 635 ipsos
653 579 735 635 reges
749 560 875 618 factitata
898 573 988 630 erant,
1004 582 1040 620 ne
1055 565 1156 623 ubiubi
1231 567 1234 573 '

189 657 291 714 regum
320 640 492 696 desiderium
519 649 604 709 esset,
627 657 723 713 regem
751 639 943 696 sacrificulum
970 653 1078 698 creant.
1120 643 1175 716 ld,

189 719 380 776 sacerdotium
395 717 523 792 pontifici
547 716 707 790 subjecere,
735 734 772 774 nc
796 717 910 776 additus
934 720 1042 778 nomini
1067 721 1157 778 honos
1173 726 1202 798 ξ’

167 794 297 870 saliquid
311 795 444 860 libertati,
460 795 543 870 cujus
556 807 627 852 tunc
648 795 690 868 pri
722 806 817 868 assat
841 815 920 864 cura,
943 797 1087 866 officeret:
1122 805 1175 858 sc'
1200 817 1202 822 ·

189 875 299 941 nescio,
315 893 362 940 an,
377 873 463 930 nimis
477 873 602 946 undique
613 890 676 930 earn
729 871 828 930 illimis
841 880 956 948 quoque‘
964 875 1051 932 rebus
1065 877 1158 934 muni-

189 953 275 1018 endo,
301 953 416 1010 modum
442 951 626 1010 excesserint.
668 951 803 1008 Consulis
824 953 901 1008 enirn
926 953 1051 1023 alterius,
1070 975 1157 1028 quum

178 1029 259 1086 'nihil
275 1031 352 1086 uliud
366 1029 527 1096 offenderit,
552 1045 657 1086 nomeu
671 1029 794 1086 invisum
808 1030 915 1087 civitati
931 1031 992 1087 fuit.
1033 1037 1053 1068 ‘⁶
1064 1033 1159 1092 Nimi-

151 1175 153 1180 .
190 1108 209 1140 “
222 1107 269 1164 rim
284 1109 457 1182 Tarquinios
472 1125 561 1182 regno
575 1111 723 1172 assuesce:
758 1107 869 1166 initium
886 1109 1157 1168 aPriscofaottrmr

159 1187 210 1241 ro“
220 1187 357 1261 regnasse
371 1187 475 1244 deinde
491 1188 553 1242 Ser.
568 1185 699 1244 Tullium
709 1204 716 1242 :
724 1191 780 1274 [ne
795 1186 941 1243 intervallo
954 1188 1068 1262 quidem
1084 1189 1159 1248 laeso

192 1253 354 1340 ‘ioblituml
375 1276 517 1339 tamquam
542 1263 639 1336 alieni,
663 1283 745 1338 regor
771 1208 932 1338 §uperbum
957 1265 1158 1342 Tarquinium,

191 1345 210 1376 “
223 1343 299 1401 velut
313 1343 506 1400 hereditatem
521 1342 625 1418 gentis,
648 1342 757 1398 scelere
778 1361 813 1400 ac
838 1343 864 1400 vi
886 1343 1032 1418 repetisse.
1074 1346 1160 1403 Pulso
1190 1342 1194 1352 ’

191 1424 210 1456 “
223 1422 362 1496 Superbo,
376 1439 466 1496 penes
480 1421 654 1478 Collatinum
670 1421 820 1496 imperium
834 1439 906 1478 esse.
947 1421 1072 1480 Nescire
1086 1424 1158 1480 Tar·
1182 1440 1185 1448 ’

192 1503 211 1534 “
222 1501 335 1574 quinios
349 1500 471 1574 privatos
483 1500 576 1556 vivero
589 1519 596 1558 :
618 1515 675 1556 noa
686 1499 799 1572 placere
810 1517 914 1556 nomen
927 1521 935 1556 ι
965 1501 1157 1576 periculosum

160 1583 211 1631 15“
223 1578 343 1634 libertati
367 1577 481 1634 esse.”,·
517 1577 574 1634 llio
597 1575 691 1652 primo
718 1578 824 1634 sensim
851 1579 1021 1636 tentantium
1049 1581 1160 1637 animos

193 1675 286 1714 sermo
309 1675 359 1731 per
380 1653 466 1712 totnr'n
489 1655 632 1712 civitatem
661 1666 704 1712 est
731 1654 834 1723 datus;
867 1657 1072 1732 sollicitamque
1099 1679 1160 1716 sus-

193 1735 306 1810 picione
329 1735 440 1808 plebem
465 1733 571 1790 Brutus
592 1733 628 1788 arl
650 1732 819 1790 concionem
839 1746 929 1790 vocat.
971 1735 1016 1792 lbi
1030 1737 1159 1794 omnium

193 1813 315 1887 primurn
327 1810 640 1886 jusjurandum'populi
655 1810 775 1878 recitat;
803 1813 948 1870 neminem
963 1833 1082 1890 regnare
1097 1835 1160 1889 pas-

192 1909 282 1954 suros,
299 1909 353 1946 neo
367 1909 429 1946 esse
445 1889 556 1958 Romae,
572 1889 648 1944 uude
663 1887 820 1962 perieulum
836 1890 957 1948 libertati
973 1893 1052 1949 soret.
1094 1898 1112 1928 ‘⁶
1126 1894 1159 1950 ld

157 1971 211 2020 ao“
224 1972 333 2024 summa
347 1987 402 2042 ope
416 1968 554 2032 tuendum
566 1985 648 2024 esse:
684 1985 775 2040 neque
792 1968 876 2024 ullam
891 1988 960 2039 rein,
975 1989 1037 2043 quae
1051 1971 1086 2028 eri
1100 1992 1161 2046 per-

164 2043 211 2092 ‘·“
223 2046 586 2180 tirreqtsscontemnendarn.
629 2045 754 2102 Invitum
767 2065 798 2102 ss
812 2047 908 2104 dicere
924 2049 1047 2106 hominis
1062 2053 1146 2106 carisi
1167 2055 1172 2084 ¹*
1187 2034 1204 2071 ‘³
1229 2036 1231 2047 ¹

191 2129 210 2160 “
223 2145 279 2182 neo
316 2125 438 2182 loturum
457 2124 552 2191 fuisse,
575 2124 605 2180 ni
619 2124 722 2180 caritas
736 2124 899 2198 reipublice
915 2127 1049 2184 vinceret.
1091 2096 1159 2186 Nori

192 2203 343 2260 “credere
358 2202 490 2277 populum
508 2203 682 2272 Romanum,
697 2201 815 2258 solidam
832 2203 991 2262 libertatem
1011 2225 1161 2282 recupera·

191 2285 209 2316 “
223 2293 281 2338 tam
297 2299 368 2338 ease.
410 2280 536 2356 Regium
551 2300 652 2355 genus,
674 2281 784 2354 regium
804 2300 924 2355 nomen,
951 2304 1007 2342 nou
1022 2287 1113 2344 solum
1129 2287 1158 2344 iu

156 2363 212 2411 asl‘
223 2360 347 2428 civitate,
358 2359 408 2416 sed
423 2359 509 2416 etiam
524 2359 553 2415 in
570 2359 688 2433 imperio
701 2377 772 2416 esse.
815 2359 848 2418 Id
863 2363 987 2430 officere,
1003 2365 1032 2422 id
1046 2366 1159 2422 obstare

191 2442 211 2474 “
223 2437 356 2494 libertati.
399 2438 488 2494 Hunc
502 2437 564 2508 tu,”
580 2438 680 2510 inquit,
696 2442 714 2470 ‘⁴
725 2439 773 2494 tub
785 2439 939 2507 voluntate,
955 2440 988 2498 L.
1004 2443 1156 2518 Tarquini,

191 2521 336 2574 “remove
351 2526 467 2572 metum.
497 2515 694 2585 Meminimus,
708 2515 839 2584 fatemur,
854 2519 963 2594 ejecisti
979 2540 1069 2596 reges.
1098 2521 1159 2578 Ab·

42 2617 49 2632 ·
74 2641 91 2652 ,,
105 2591 123 2663 ,’
142 2597 175 2654 I,
191 2601 210 2632 “
223 2595 298 2652 solve
314 2594 485 2650 beneficium
500 2604 590 2650 tuum.
634 2593 724 2650 Auser
739 2595 806 2652 hinc
821 2599 932 2672 regium
947 2617 1060 2656 nomeu.
1096 2599 1159 2656 Res

193 2677 211 2710 “
224 2685 287 2728 tuas
301 2673 350 2729 tibi
366 2693 422 2730 uon
437 2671 526 2729 soltim
550 2673 670 2728 reddent
691 2671 768 2730 cives
792 2675 841 2743 tui,
865 2686 980 2732 auctore
995 2695 1061 2744 rne3
1096 2669 1157 2744 sed,

60 2771 71 2784 f
110 2756 116 2771 '
157 2757 211 2802 θοι(
224 2751 247 2808 si
261 2751 328 2826 quid
344 2752 433 2818 deest,
449 2750 583 2807 munifice
599 2751 753 2826 augebunt.
796 2753 917 2808 Amicus
941 2754 1158 2826 obit‘eanera

193 2839 211 2870 ‘¹
223 2831 365 2886 civitatem
381 2849 456 2886 vano
466 2829 581 2886 forsitan
598 2842 684 2886 metu.
728 2829 772 2886 lta
790 2841 955 2904 persuasum
979 2843 1022 2889 est
1043 2833 1156 2900 animis,

191 2915 211 2946 “
223 2928 290 2964 cum
312 2919 397 2984 gente
412 2907 570 2982 Tarquinis
588 2927 709 2982 regnum
731 2909 798 2966 hinc
824 2909 1157 2982 abiturum.'’.·‚f„Consuli

190 2985 284 3066 primo
299 2997 355 3042 tam
369 3003 449 3044 novae
464 2986 504 3042 rei
527 3005 560 3042 ac
583 2987 684 3042 subitae
706 2986 855 3044 admiratio
874 2987 1028 3046 incluseral
1049 3008 1157 3046 vocem.

192 3069 298 3126 Dicere
312 3065 416 3122 deinde
431 3064 615 3139 incipientem
638 3065 775 3138 primores
788 3065 909 3122 civitatis
923 3067 1157 3136 circumsistunt3

155 3149 292 3206 eoadem
307 3145 402 3200 multis
416 3143 549 3218 precibus
559 3155 650 3200 orant.
691 3143 729 3200 Et
750 3143 846 3200 coateri
869 3143 984 3218 quidem
1006 3147 1158 3204 movebant

191 3223 302 3282 mimis:
330 3233 476 3296 postquam
492 3223 540 3296 sp.
556 3221 717 3289 Lucretius,
739 3221 827 3296 major
850 3235 931 3280 aetate
953 3243 987 3280 ac
1006 3225 1155 3300 dignitate,

191 3321 273 3360 socer
289 3313 423 3374 praetereo
438 3301 536 3374 ipsius,
550 3319 635 3375 agere
657 3299 742 3366 uarie,
765 3301 891 3376 rogando
905 3302 1020 3360 alternis
1034 3304 1158 3361 suaden-

191 3381 295 3456 doque,
309 3379 403 3453 coepit,
418 3389 450 3436 ut
469 3379 544 3434 vinci
568 3397 598 3434 se
613 3397 756 3434 consensu
781 3379 903 3437 civitatis
925 3393 1088 3456 pateretur3
1121 3383 1157 3440 ti-

190 3473 274 3521 meris
297 3457 408 3530 consul,
433 3477 470 3514 ne
492 3458 669 3531 postmodum
692 3457 799 3532 privato
823 3459 876 3515 sibi
898 3460 999 3516 eadem
1020 3461 1066 3516 illa
1088 3481 1155 3518 cum

156 3539 328 3602 ⁴⁰bonorum
344 3537 506 3602 amissione,
530 3536 682 3609 additaque
704 3535 757 3592 alis
780 3536 895 3610 insuper
917 3538 1084 3614 ignominiis,
1108 3559 1154 3596 ac·

190 3615 328 3684 cirlerent,
339 3615 483 3672 abdicarit
491 3634 521 3670 se
533 3615 699 3672 consulatu:
714 3615 854 3688 rebusque
864 3617 1155 3674 suisomuibusLavi-

190 3696 269 3755 nium
285 3694 438 3763 translatis,
452 3691 565 3750 civitate
581 3693 675 3750 cessit.
717 3693 821 3770 Brutus
842 3712 877 3752 ex
898 3695 1155 3751 senatus-consulto

191 3774 384 3850 adpopulum
408 3771 482 3840 tulit,
507 3783 538 3830 ut
561 3791 661 3830 omnes
683 3771 848 3844 Tarquinia
869 3773 963 3847 gentis
986 3772 1099 3828 exsules
1112 3789 1156 3828 es·
