2620 4220
485 351 691 402 mestoxxrt.
725 367 786 403 css.
799 367 842 402 nx.
866 413 874 426 ι
1075 352 1137 418 203

170 493 317 556 “istimari
338 505 442 572 potest.
481 495 648 554 studeatis
668 506 794 567 catenas,
819 495 988 571 squalorem,
1003 496 1136 556 deformi·

170 585 189 612 ⁸⁸
198 587 289 646 tutem¹
300 575 405 632 civium
420 585 587 646 vestrorum,
608 595 666 632 non
688 573 782 632 mimis
805 575 932 650 prosectb
956 593 1006 632 vos
1024 593 1059 632 ea
1073 595 1136 651 spe·

170 663 189 690 ‘⁶
198 655 259 711 cies
273 664 392 724 moveat,
406 653 490 728 quarn
506 653 529 710 si
544 653 684 710 exalteris
697 663 776 729 parte
798 653 923 710 cernatis
945 665 1045 712 stratas
1059 655 1136 712 Gan·

170 741 189 787 ‘.‘
199 734 337 790 neusibus
351 733 460 807 campis
474 731 602 808 legiones
616 743 731 789 vestras.
772 731 884 789 Intueri
898 733 1016 808 potestis
1033 733 1137 790 sollici·

146 820 189 867 s“
198 813 328 870 tudinem
343 825 372 868 et
385 811 525 886 lacrymas
539 812 568 867 in
584 811 723 868 vestibulo
745 811 832 868 curiae
851 811 986 868 stantium
1001 821 1137 887 cognato·

170 899 261 948 “rurn
288 901 458 961 nostrorum,
485 890 770 964 exspectantiumque
802 907 969 964 responsum
1001 901 1136 948 vestrum.

170 969 298 1046 “Quum
314 969 334 1025 ii
347 987 398 1044 pro
411 968 624 1042 nobis-proque
639 969 674 1024 iis
688 969 735 1042 qui
761 967 873 1038 absunt,
899 969 939 1025 ita
957 969 1088 1044 suspensi
1102 987 1137 1026 ac

170 1049 311 1105 “solliciti
334 1047 410 1116 sint;
444 1063 529 1122 quem
544 1047 669 1104 censetis
685 1047 812 1103 animum
835 1047 960 1122 ipsorum
975 1065 1048 1114 esse,
1070 1067 1138 1121 quo-

170 1134 261 1183 “rum
289 1127 318 1183 iu
346 1125 512 1183 discrimine
534 1126 590 1183 vita
610 1125 782 1200 libertasque
803 1128 870 1182 esti
926 1125 958 1182 Si
984 1125 1041 1202 (me
1063 1125 1137 1182 Dius

136 1204 296 1282 ro“fidius)
322 1205 382 1280 ipse
406 1205 434 1261 in
450 1224 502 1262 nos
523 1202 600 1262 mitis
614 1203 761 1260 Hannibal
783 1215 883 1262 contra
902 1214 1033 1261 naturam
1055 1221 1137 1260 suam

171 1293 262 1340 “esse
284 1284 360 1355 velit,
388 1283 459 1342 nihil
481 1295 579 1341 tamen
601 1283 684 1340 nobis
697 1283 754 1340 virt
774 1301 846 1358 opus
869 1301 932 1340 esse
954 1301 1137 1350 censeamus,

170 1371 188 1398 ‘¹
198 1381 285 1436 quum
300 1363 422 1438 indigni,
437 1362 592 1420 uta'vobis
612 1362 829 1429 redimeremur,
845 1361 897 1418 visi
911 1380 1018 1418 sumus.
1048 1361 1139 1418 Redi·

170 1445 245 1498 “ere
260 1442 384 1499 Romam
406 1442 548 1516 quondam
564 1439 675 1498 remissi
694 1459 717 1498 a
738 1440 847 1516 Pyrrho
861 1441 923 1497 sine
937 1439 1027 1516 pretio
1041 1441 1138 1514 capti:

170 1521 249 1576 “sed
264 1521 374 1578 rediere
383 1539 449 1578 oum
461 1520 573 1596 legatis,
586 1520 757 1595 primoribus
769 1519 901 1586 civitatis,
909 1520 944 1574 ad
956 1519 1139 1575 redimendos
1178 1575 1183 1580 ,

137 1600 189 1652 rs“
199 1617 261 1667 sese
275 1599 378 1656 missis.
421 1599 554 1656 Redeam
576 1617 637 1674 ego·
651 1599 680 1654 in
702 1599 833 1674 patriam,
852 1597 989 1654 trecentis
1013 1597 1140 1654 nummis

159 1675 256 1734 '“non
270 1678 428 1734 'aestimatus
442 1678 536 1734 civisl
578 1679 669 1734 Suum
687 1677 805 1751 quisque
821 1677 907 1734 habet
931 1676 1067 1746 animum,
1085 1671 1146 1732 Pa·'

171 1759 256 1814 “tres
271 1756 433 1832 conscripti.
476 1755 545 1813 Scio
559 1756 588 1812 iu
604 1755 771 1812 discrimine
790 1773 853 1812 esse
878 1755 965 1812 vitam
979 1773 1139 1830 corpusque

171 1837 190 1870 ‘⁶
201 1853 305 1892 meum.
355 1834 451 1910 Magis
471 1853 517 1892 me
539 1834 622 1891 lainae
643 1835 803 1910 periculum
830 1844 933 1904 movet,
960 1852 997 1889 ne
1019 1851 1037 1890 a
1060 1833 1140 1890 vobis

171 1913 326 1980 “damnati
340 1933 376 1970 ao
391 1914 494 1989 repulsi
510 1914 666 1970 abeamus:
698 1931 792 1987 neque
816 1914 895 1969 enim
917 1931 966 1970 vos
987 1913 1078 1988 pretio
1092 1930 1140 1987 pe-

135 1993 323 2068 ao“percisse
338 1993 469 2050 homines
483 1993 640 2050 credent'b
668 2063 671 2068 7
790 2007 793 2010 ·

211 2150 276 2207 LX.
297 2151 354 2208 Ubi
369 2151 393 2208 is
407 2151 493 2208 finem
509 2152 586 2225 fecit,
601 2151 743 2227 externplo
765 2150 802 2208 ab
815 2149 851 2207 eti
864 2149 957 2217 turbe,
972 2168 1034 2224 quae
1049 2148 1078 2206 in
1094 2167 1141 2206 oo·

171 2229 252 2287 mitio
266 2243 335 2296 erat,
351 2231 458 2286 clamor
472 2230 575 2288 flebilis
592 2242 641 2288 est
665 2231 810 2299 sublatus3
843 2247 1001 2303 manusque
1016 2228 1051 2284 ad
1066 2227 1141 2284 curi·

172 2327 217 2364 am
232 2304 534 2383 tendebant‚‘orantes,
549 2321 580 2366 ut
594 2311 648 2367 sibi
663 2310 775 2381 liberos,
801 2308 911 2380 iratres,
926 2318 1063 2383 cognatos
1077 2306 1142 2363 red·

172 2387 280 2444 derent.
324 2388 470 2445 Foenrines
483 2408 595 2464 quoque
610 2401 703 2446 metus
717 2408 751 2446 ac
765 2388 923 2445 necessitas
938 2387 966 2444 iu
980 2387 1039 2445 loro
1049 2385 1140 2443 turbae

136 2486 163 2527 ss
172 2466 239 2522 huic
254 2467 376 2525 virorum
391 2467 598 2527 immiscuerat,
634 2469 772 2542 Senatus,
786 2467 925 2526 submotis
938 2469 1061 2535 arbitris,
1072 2487 1141 2525 oon-

172 2546 227 2602 suli
244 2558 363 2621 coeptus.
407 2547 452 2604 lbi
461 2567 548 2622 quum
561 2550 711 2606 sententiis
720 2549 884 2618 variaretur,
898 2548 986 2604 etalii
998 2548 1141 2604 redimen-

171 2623 224 2680 dos
243 2625 280 2680 do
301 2626 424 2700 publico,
440 2627 487 2684 alii
512 2627 620 2684 nnllam
644 2627 758 2703 publice
783 2628 942 2702 impensam
968 2625 1139 2697 faciendam,

135 2719 139 2728 ’
172 2720 227 2759 noc
241 2705 432 2778 prohibendos
453 2723 489 2762 ex
510 2707 623 2780 privato
639 2706 761 2774 redimi3
789 2705 930 2779 siquibus
945 2713 1094 2780 argentum
1110 2703 1140 2770 in

144 2827 145 2830 ,
171 2783 320 2854 praesentit
348 2784 469 2854 deesset,
485 2785 610 2842 dandam
631 2803 668 2841 ex
689 2784 788 2840 aerario
816 2783 969 2858 pecuniam
1001 2785 1147 2853 mutuam(

52 2858 53 2862 ἵ
137 2880 163 2920 eo
171 2861 369 2938 praedibusque
391 2881 425 2919 ec
447 2857 561 2939 praediis
575 2864 735 2920 cavendum
756 2862 870 2938 popolo,
886 2871 1057 2929 censerent;
1079 2871 1140 2916 tum

172 2937 209 2994 T.
225 2939 352 2997 Manlius
366 2941 539 3016 Torquatus,
559 2943 660 3017 priscae
681 2961 715 2998 ao
733 2941 822 3003 ulmis
843 2942 932 3008 durae,
948 2951 978 2996 ut
998 2939 1140 3014 plerisque

172 3017 330 3086 videbatur,
353 3021 520 3088 severitatis,
546 3021 737 3096 interrogatus
759 3021 940 3091 sententiam,
968 3019 1008 3076 ita
1028 3017 1141 3074 locutus

172 3095 278 3154 sertor:
314 3107 332 3135 ‘⁵
343 3099 375 3156 Si
389 3100 585 3157 tantummodo
604 3099 794 3174 postuldssent
815 3099 902 3174 legati
916 3117 966 3172 pro
981 3099 1025 3169 iis,
1046 3097 1094 3172 qui
1109 3097 1140 3153 in

173 3178 192 3210 ‘⁶
202 3176 323 3233 hostium
339 3188 478 3252 potestate
500 3189 575 3248 sunt,
591 3190 622 3235 nt
635 3179 854 3248 redimerentur,
868 3177 931 3233 sine
947 3177 1031 3233 ullius
1048 3177 1141 3232 insec-

137 3257 191 3313 ss“
201 3255 307 3312 tatione
321 3275 430 3328 eorum,
445 3257 523 3313 brevi
537 3257 708 3313 sententiam
729 3256 912 3332 peregissem.
954 3255 1036 3317 Quid
1061 3255 1139 3312 enim

173 3335 192 3368 ‘⁶
202 3329 277 3405 aliud
292 3334 375 3408 quern
390 3336 563 3392 admonendi
577 3336 687 3402 essetis,
710 3347 861 3392 utmorem
876 3335 1010 3391 traditum
1025 3331 1042 3390 a
1056 3333 1141 3408 patri·

173 3411 265 3484 “bus,
292 3414 455 3470 necessario
482 3413 517 3470 ad
547 3433 607 3470 rem
629 3414 779 3471 militarem
801 3413 942 3488 exemplo,
964 3411 1139 3469 servaretisl

172 3489 291 3547 “Nunc
310 3505 406 3548 autern
428 3510 514 3566 quum
537 3493 622 3568 prope
644 3493 755 3568 gloriati
771 3492 837 3564 sint,
862 3489 936 3566 quod
961 3511 992 3548 se
1011 3492 1139 3550 hostibus

173 3569 371 3640 “dediderint
393 3571 574 3646 praeferrique
589 3591 646 3633 non
661 3571 752 3647 captis
766 3567 903 3628 modd‘in
926 3571 989 3628 acie
1003 3571 1039 3627 ab
1054 3569 1140 3626 hosti·
1167 3583 1170 3590 ’

137 3651 193 3706 so“
203 3647 265 3714 bus,
287 3650 437 3706 sedetiam
456 3651 491 3707 iis
511 3651 558 3725 qui
581 3651 737 3708 Venusiam
763 3650 980 3724 Canusiumque
1004 3665 1139 3724 pervene-

173 3731 277 3792 ιιῐυιιῑ,
293 3739 376 3801 atque
398 3728 500 3804 ipsiC.
516 3729 656 3790 Terentio
670 3729 792 3801 consuli,
815 3747 926 3803 aequum
952 3726 1137 3795 censuerint3

173 3805 347 3865 “nihilvm
370 3827 478 3878 eorum,
501 3807 599 3866 Patres
623 3809 788 3884 conscripti,
810 3827 873 3882 quae
898 3807 956 3864 illio
980 3817 1044 3863 acta
1062 3815 1138 3873 sunt,
