2632 4224
500 349 658 401 LIBERI!
690 361 751 401 aar.
762 362 840 400 xxm.
1113 351 1154 416 ω

99 490 104 498 ’
186 492 392 561 restituerunt3
413 503 442 550 et
456 494 531 568 apud
552 513 649 570 regem
664 493 817 552 Etruscum
831 511 889 551 non
903 503 964 550 tuta
977 491 1077 564 soldm,
1101 494 1243 626 ιιιᾴθς.
1217 567 1289 630 l..
1294 535 1309 572 .,

186 571 324 628 honorata
337 573 434 638 etiam,
449 573 536 628 virtus
551 573 622 641 suit;
632 572 882 646 laudatamque
858 573 994 647 vrrgmem
1009 583 1089 652 parte
1103 573 1153 629 ub-

186 649 282 706 sidum
295 669 326 706 se
341 650 447 707 donare
461 651 549 707 dixit:
569 651 641 726 ipsa,
655 669 727 726 quos
740 651 833 714 vellet
843 651 950 725 legeret
1002 631 1153 708 Productis

184 728 330 795 omnibus,
345 729 466 804 elegisse
488 729 756 804 impubesdicitur3
791 729 866 802 quod
881 740 910 786 ot
930 729 1082 805 virginitati
1104 731 1153 786 de·
1179 771 1189 786 .

162 825 297 877 ecorum,
317 821 346 863 et
369 826 511 864 consensu
533 808 693 865 obsidum
686 827 812 883 ipsorum
833 807 981 902 probabile
998 822 1067 880 erat,
1088 827 1152 866 earn

185 895 297 973 aetatem
313 885 488 962 potissimdm
503 885 616 943 liberari
627 887 664 942 ab
678 887 768 956 hoste,
780 903 845 960 quaa
860 885 984 944 maxime
994 900 1153 962 opportuna

184 961 295 1050 injuriae
309 975 394 1020 esset
437 963 513 1020 Pace
523 965 725 1041 redintegrata,
738 965 864 1021 Romani
879 983 980 1021 norem
990 964 1020 1022 in
1035 964 1153 1021 loemind

183 1041 316 1098 virtutem
344 1061 417 1099 novo
436 1061 543 1138 genere
564 1043 688 1110 honoris,
717 1043 811 1099 statua
839 1044 972 1117 equestri,
993 1044 1152 1102 donavere.

184 1118 214 1176 in
229 1121 342 1177 summai
356 1121 485 1178 Sacra
461 1122 506 1178 vul
521 1121 578 1178 suit
587 1122 679 1198 posita
691 1121 771 1198 virgo
781 1121 910 1178 insidens
922 1139 1004 1197 equo.

147 1223 176 1334 Ξ
223 1275 343 1334 XXIII.
385 1319 483 1337 .....
446 1248 608 1336 Bellum
617 1279 754 1336 Volscum
764 1278 942 1352 imminebat
950 1279 1097 1349 etcisitas,
1108 1297 1153 1336 se·

153 1351 168 1394 ⁰⁶
161 1371 249 1422 curn
265 1356 324 1431 ipsa
339 1357 480 1424 discors,
473 1359 609 1415 intestino
622 1358 696 1415 inter
710 1358 809 1415 Patres
832 1323 1000 1432 pleberrlque
1014 1323 1152 1433 flagrribat
1223 1401 1226 1408 .

153 1427 257 1505 odio,
271 1434 395 1492 maxime
407 1448 519 1511 propter
531 1455 620 1494 nexos
632 1435 670 1493 ob
681 1455 719 1493 aea
727 1437 861 1493 alienum.
884 1434 1058 1492 Fremebant
1059 1439 1151 1509 ,“se‚

147 1506 168 1594 ⁶⁵
182 1513 201 1544 “
214 1511 280 1569 soris
294 1531 344 1587 pro
357 1514 488 1570 libertate
509 1526 538 1572 et
559 1515 678 1590 imperio
701 1515 881 1584 dimicantes,
906 1515 983 1572 dorni
1009 1481 1151 1572 acivibus

147 1543 310 1665 g.l“captos
334 1607 362 1648 et
383 1609 532 1668 oppressos
545 1610 627 1662 esse3
658 1594 847 1683 tutioremque
869 1593 898 1649 in
922 1593 995 1651 bello
1014 1594 1098 1668 quim
1122 1595 1150 1650 ln

147 1669 294 1743 =“paoe,
321 1671 395 1727 inter
422 1671 517 1728 hostes
543 1671 629 1746 quam
656 1671 729 1728 inter
755 1673 841 1741 cives,
873 1672 1031 1728 libertatem
1060 1672 1151 1761 plebis

182 1749 321 1804 ‘esse:’'
343 1749 546 1823 invidiamque
550 1769 624 1816 eam,
639 1751 692 1806 sud
713 1763 812 1825 sponte
834 1750 1035 1826 gliscentem,
1029 1752 1151 1826 insignis

182 1843 268 1882 unius
281 1827 428 1883 calamitas
452 1829 594 1885 accendit.
637 1829 746 1904 Magno
768 1840 837 1884 natu
861 1829 987 1902 quidam,
1009 1848 1075 1886 cum
1090 1848 1151 1884 om-

181 1903 261 1960 nium
278 1906 413 1962 malorum
429 1925 543 1962 suorum
560 1907 731 1982 insignibus,
744 1925 775 1962 se
791 1907 819 1962 in
835 1906 924 1964 forum
938 1907 1076 1982 projecit·
1100 1907 1151 1962 ob-

181 1981 307 2039 sitierat
322 1984 460 2064 squalore
475 1984 570 2050 vestis,
593 1985 693 2042 soedior
714 1983 838 2060 corporis
862 1983 975 2042 habitus
997 1984 1100 2059 pallore
1115 2003 1149 2040 ao

146 2061 274 2120 sumacie
288 2063 452 2151 perempti.
478 2063 526 2119 Ad
542 2064 595 2120 hoc
598 2064 758 2139 ,promissa
779 2063 866 2120 barba
886 2075 916 2120 et
936 2063 1030 2138 capilli
1051 2059 1151 2119 effera-

125 2163 127 2168 ·
181 2151 280 2195 verant
295 2141 420 2214 speciem
434 2140 499 2197 oris.
506 2151 523 2182 ⁶
540 2109 745 2198 Noscitabatur
765 2142 903 2198 tamenin
919 2142 998 2198 tantti
1016 2141 1149 2197 deformi·

180 2226 250 2288 tate,
264 2228 293 2272 et
306 2217 421 2274 ordInes
435 2218 548 2276 duxisse
563 2220 697 2288 aiebant,
724 2220 835 2294 aliaque
851 2217 958 2276 militiae
971 2220 1077 2276 decora
1091 2219 1149 2278 vul·

179 2291 252 2368 go,
245 2295 413 2352 miserantes
426 2315 502 2364 eum,
514 2297 678 2388 jactabantt
709 2297 778 2372 lpse,
800 2308 887 2354 testes
901 2298 1083 2356 honestarum
1099 2297 1149 2356 ali-

179 2385 248 2444 quot
261 2373 332 2429 locis
346 2391 517 2449 pugnarum,
536 2376 687 2434 cicatrices
710 2377 828 2433 adverso
848 2392 963 2450 pectore
977 2376 1147 2434 ostentabat.

144 2449 401 2508 asScisoitantibus
415 2455 492 2510 unde
506 2454 553 2510 ille
575 2455 711 2514 habitusl
745 2455 821 2510 uude
844 2454 1029 2512 deformitas!
1059 2473 1147 2529 quum

180 2527 354 2587 circumfusa
367 2531 450 2588 turba
464 2543 540 2588 esset
553 2551 640 2608 prope
656 2533 685 2588 in
699 2532 848 2589 concionis
860 2533 985 2604 modum,
1006 2538 1024 2566 44
1017 2531 1149 2588 'Sabino

180 2608 198 2639 “
212 2607 317 2673 bello,”
332 2609 381 2680 ait,
396 2613 414 2646 44
424 2629 454 2665 se
470 2611 648 2679 militantem,
665 2611 859 2699 quiapropter
874 2610 1072 2684 populationes
1086 2611 1147 2684 agri

179 2686 199 2718 44
211 2705 268 2742 ιιοιι
284 2685 377 2742 fructu
391 2686 476 2744 modd
490 2689 624 2755 caruerit,
643 2657 693 2745 ¹sed
716 2689 800 2746 villa
794 2707 913 2745 incensa
928 2687 1022 2759 luerit,
1037 2687 1149 2774 direpta

180 2764 315 2830 “omnia,
337 2783 442 2840 pecora
463 2766 574 2834 abacta,
596 2767 762 2824 tributum
755 2767 853 2840 iniquo
874 2785 926 2822 suo
949 2775 1076 2840 tempore
1098 2765 1149 2820 im-

92 2902 94 2906 ,
145 2843 198 2901 ao“
210 2856 350 2917 peratum,
365 2863 403 2900 aas
418 2845 542 2900 alienum
558 2845 678 2902 fecisse:
713 2845 751 2914 id,
776 2843 954 2901 cumulatum
968 2843 1069 2910 usuris,
1092 2843 1148 2916 pri·

179 2923 198 2956 “
210 2920 255 2977 ιιιό
266 2940 297 2977 se
312 2939 379 2997 agro
393 2933 511 2997 paterno
525 2924 655 2999 avitoque
676 2923 799 2988 exuisse,
814 2922 920 2978 deinde
930 2921 1147 2980 ‘fortunis‘aliiffl

178 3001 198 3034 44
209 3002 360 3074 postremo,
383 3001 459 3058 velut
473 3003 579 3068 tabem,
594 3003 756 3077 pervenisse
770 3001 806 3056 ad
819 3019 931 3074 corpus.
974 2999 1100 3056 Doctum
1117 3017 1147 3054 se

75 3145 79 3150 ³
178 3081 197 3114 44
210 3078 246 3134 ab
260 3078 411 3150 creditore,
426 3099 483 3137 non
497 3080 527 3136 in
549 3081 704 3148 servitium,
726 3080 775 3134 sed
798 3079 826 3134 in
849 3078 1023 3154 ergastulum
1038 3087 1067 3134 et
1087 3095 1148 3134 car-

178 3160 197 3194 “
209 3157 355 3213 nilicinam
371 3160 462 3224 esse.'’
507 3158 579 3214 Inde
592 3170 735 3215 ostentare
749 3169 871 3230 tergum,
896 3155 1003 3212 loedum
1026 3156 1149 3212 recenti·
1218 3181 1226 3196 «

143 3236 232 3294 asbus
245 3235 371 3310 vestIgiis
387 3237 555 3293 verberum?
586 3237 633 3293 Ad
649 3237 711 3292 haec
726 3235 785 3292 visa
808 3235 959 3310 auditaque
984 3235 1091 3292 clamor
1106 3235 1148 3290 in·

177 3333 252 3390 gens
265 3312 362 3372 oritur.
403 3315 470 3372 Non
483 3315 542 3391 jam
567 3315 626 3372 soro
644 3333 675 3370 se
696 3313 834 3371 tumultus
858 3314 1069 3384 contineam
1085 3332 1148 3388 pas-

177 3393 233 3449 sim
248 3403 335 3448 totam
349 3392 449 3448 urbem
471 3394 607 3467 pervadit.
650 3392 735 3449 Nexu
751 3392 838 3448 vlncti
854 3392 994 3468 solutique
1019 3410 1050 3448 se
1065 3392 1148 3456 undi-

177 3491 233 3545 que
255 3471 284 3526 in
306 3471 453 3544 publicum
482 3471 658 3546 proripiunt3
693 3471 844 3546 implorant
868 3470 1028 3531 Quiritium
1050 3470 1159 3527 fidemi-

178 3549 267 3606 Nullo
281 3549 344 3606 loco
358 3549 439 3604 deest
452 3549 600 3606 seditionis
610 3550 783 3607 voluntarius
797 3569 912 3607 comes:
934 3549 1030 3606 multis
1042 3549 1146 3637 passim

143 3627 341 3702 magminibus
355 3645 405 3700 per
419 3645 519 3686 omnes
535 3629 593 3685 vias
613 3647 678 3685 cum
701 3628 853 3685 clamore
846 3647 876 3684 m
898 3627 989 3684 lorum
1013 3627 1146 3683 curritur.

178 3705 289 3782 Magno
303 3723 369 3761 cum
384 3705 512 3779 periculo
526 3725 587 3778 suo,
602 3727 649 3782 qur
643 3708 735 3764 forte
760 3706 898 3762 Patrum'
892 3725 921 3761 m
936 3705 996 3762 loro
1009 3717 1101 3769 erant,
1116 3704 1146 3760 in

177 3803 241 3842 carn
256 3784 368 3844 turbam
381 3783 564 3842 inciderunt:
596 3805 651 3843 nec
672 3796 860 3862 temperatum
875 3783 1006 3842 manibus
1021 3781 1145 3850 foret,
1116 3801 1147 3841 ιιι
